2692 5206
398 132 511 182 (sulit.
534 132 567 182 11.
590 133 643 181 rt-
664 134 703 182 eo.
994 120 1055 179 223

59 268 213 336 quaesunt
237 274 343 339 gestae
368 256 397 315 in
421 254 558 317 citeriore
582 255 748 337 llispania,
777 254 890 315 bellum
916 254 1055 338 parabat.

62 352 126 414 ratio
140 363 239 415 autern
257 350 334 413 baec
352 361 416 411 erat
435 348 516 425 belli,
536 361 570 412 ut
587 371 621 412 se
636 371 707 412 cum
720 348 755 411 11
768 348 942 433 legionibus
957 348 1056 414 Gadis

66 444 207 521 conferret,
229 466 326 508 naves
344 442 595 525 frumentumque
612 464 703 506 omne
720 441 765 505 ibi
782 441 964 506 contineret:
986 464 1058 527 pro-

69 534 176 602 meam
195 538 279 602 enim
301 558 424 600 onmem
448 533 593 600 (laesuris
614 535 709 600 rebus
731 534 837 600 farere
859 547 1055 621 cognoverat.

71 625 201 697 ininsula
226 630 382 695 frumento
408 629 602 713 navibusque
632 630 817 714 comparatis
843 628 960 694 bellum
985 629 1057 694 duci

72 742 118 785 uon
130 724 245 790 difficile
263 723 469 788 existimabat
514 722 641 800 Caesar,
661 724 719 788 etsi
737 723 842 788 multis
859 723 1057 789 necessariis-

73 833 116 895 que
128 818 211 883 rebus
228 818 262 882 in
279 817 402 881 Italiam
418 818 630 894 revocabatur,
650 828 754 881 tamen
771 817 973 882 constituerat
988 817 1057 881 nul·

73 904 118 972 lun
130 923 239 996 partem
258 911 329 975 belli
343 912 374 974 in
387 910 550 996 Hispaniis
563 911 744 994 relinquere,
764 911 848 994 quod
860 933 976 996 magna
987 932 1057 975 esse

75 996 172 1090 Pompei
197 1006 347 1070 beneficia
373 1015 403 1069 et
428 1029 558 1091 magnas
585 1005 742 1070 clientelas
769 1006 801 1069 in
827 1005 966 1069 citeriore
986 1027 1058 1092 pro·

75 1093 148 1163 vincia
162 1098 285 1164 sciebat.
328 1100 433 1183 itaque
455 1099 577 1164 duabus
599 1098 774 1184 legionibus
797 1099 902 1163 missis
924 1099 958 1163 in
978 1099 1106 1168 ulto-19

74 1185 157 1257 riorum
163 1194 348 1279 Hispaniam
362 1216 433 1259 eum
448 1193 488 1276 Q.
500 1192 622 1271 Cassio,
642 1193 886 1277 tribunoplebis,
905 1193 972 1278 ipse
985 1216 1058 1259 cum

74 1277 119 1347 DC
134 1288 281 1371 equitibus
303 1288 426 1374 magnis
452 1288 612 1352 itineribus
638 1287 834 1373 progreditur
859 1288 1056 1372 edictumque

74 1381 221 1459 praemittit,
248 1383 404 1465 adquam
426 1382 508 1446 diem
530 1382 729 1467 magistratus
751 1381 969 1466 principesque
991 1404 1058 1446 om·

74 1466 136 1536 ulum
153 1474 307 1539 civitatum
330 1474 390 1539 sibi
412 1497 481 1540 esse
508 1486 632 1559 praesto
655 1473 823 1540 Cordubae
848 1474 951 1539 vellet.
994 1496 1056 1558 quo

74 1559 146 1631 elicto
161 1578 224 1634 tota
239 1570 399 1654 prorincia
415 1569 598 1654 pervulgato
616 1568 701 1633 nulla
717 1568 777 1633 fuit
789 1569 909 1646 civitas,
927 1569 1003 1652 quin
1016 1569 1058 1635 ad

73 1651 212 1747 lltempus
234 1674 353 1747 partem
377 1675 502 1729 senatus
522 1662 701 1727 Cordubam
725 1663 872 1739 mitteret,
899 1685 962 1726 non
979 1663 1056 1728 civis

73 1744 200 1821 &manus
222 1757 316 1841 paulo
338 1758 452 1833 notior,
479 1756 554 1841 quin
571 1758 611 1821 nd
629 1757 711 1821 diem
733 1757 919 1822 conveniret.
965 1757 1057 1822 simul

71 1839 118 1927 lpse
135 1848 297 1916 Cordubae
323 1862 494 1917 conventus
520 1873 576 1937 per
597 1874 631 1915 se
653 1861 758 1936 portas
780 1850 913 1915 Varroni
935 1851 1055 1929 elausit,

70 1943 197 2009 suadas
218 1944 403 2030 vigiliasque
424 1945 457 2009 in
483 1944 617 2010 turribus
640 1965 789 2027 muroque
812 1944 978 2029 disposuit,
1005 1966 1058 2009 eo-

67 2027 146 2103 lones
162 2039 254 2115 duas,
282 2061 361 2122 quae
379 2039 535 2104 colonicae
553 2037 800 2123 appellabantur,
828 2058 900 2101 curn
922 2059 960 2101 eo
981 2059 1058 2102 casu

66 2130 212 2210 venissent,
239 2133 347 2196 tuendi
369 2133 475 2217 oppidi
496 2154 592 2196 causa
612 2132 696 2215 apud
714 2153 747 2195 se
769 2130 902 2194 retinuit.
947 2130 1057 2194 iisdem

64 2220 151 2293 diebus
164 2225 403 2305 Carmonenses,
422 2249 501 2311 quae
519 2236 568 2291 est
583 2227 676 2311 longe
688 2225 866 2290 firmissima
879 2224 973 2289 totius
986 2245 1058 2308 pro-

63 2316 160 2387 muse
176 2321 296 2399 civitas,
315 2321 455 2386 deductis
473 2321 572 2387 tribus
589 2321 621 2384 in
638 2342 741 2385 arcem
758 2319 865 2405 oppidi
878 2317 1056 2384 cohortibus

63 2410 217 2481 errrone
233 2415 390 2500 praesidio
407 2437 463 2500 per
480 2437 514 2480 se
527 2415 670 2480 cohortes
685 2413 774 2479 eiecit
787 2423 954 2499 portasque
967 2434 1056 2497 prae·

63 2502 142 2573 eluit.
183 2508 245 2573 hoc
262 2530 336 2573 vero
354 2510 455 2594 magis
472 2531 637 2594 properare
655 2507 766 2585 Varro,
784 2517 819 2571 ut
836 2529 908 2571 cum
925 2506 1056 2593 legioni·
1073 2528 1106 2574 ao

10 2658 12 2663 .
63 2594 212 2687 braquam
229 2602 365 2689 primurn
383 2600 482 2668 Gadis
501 2604 712 2680 contenderet,
739 2624 778 2666 ne
795 2601 903 2665 itinere
924 2612 979 2665 aut
995 2610 1057 2666 tra-

10 2698 13 2775 l
62 2688 126 2759 bem
140 2696 409 2761 intercluderetur:
435 2706 522 2761 tanta
539 2718 576 2761 ae
592 2706 657 2760 tarn
679 2695 817 2760 secunda
836 2695 870 2759 in
888 2693 1056 2759 Caesarem

63 2784 184 2855 ranas
200 2790 379 2876 provinciae
396 2789 616 2875 reperiebatur.
650 2811 816 2875 progresso
834 2788 863 2852 ei
880 2787 974 2873 paulo
991 2787 1058 2852 lon-

65 2879 118 2961 g’us
130 2882 249 2949 litterae
267 2880 411 2949 Gadibus
429 2883 611 2959 redduntur,
638 2883 822 2966 simulatque
841 2882 881 2946 sit
898 2881 1057 2967 cognitum

66 2970 199 3043 leedieto
217 2976 378 3056 Caesaris,
405 2978 600 3043 consensisse
619 2975 792 3042 Gaditanos
812 2976 968 3061 principes
986 2996 1057 3038 eum

68 3064 173 3136 ffibmis
190 3070 373 3149 cohortium,
391 3094 472 3155 quae
489 3083 593 3136 essent
611 3071 655 3136 ibi
671 3072 703 3134 in
720 3070 884 3155 praesidio,
902 3080 937 3133 ut
951 3066 1059 3132 Gallo-

70 3154 134 3227 nium
152 3185 192 3229 ex
213 3165 329 3251 oppido
351 3164 552 3251 expellerent,
580 3163 689 3229 urbem
710 3163 904 3246 insulamque
928 3161 1057 3226 Caesari

72 3268 210 3323 merent.
253 3258 314 3323 hoe
335 3259 411 3323 inito
432 3259 561 3324 consilio
584 3258 815 3322 denuntiavisse
838 3255 996 3332 Gallonio,
1023 3265 1058 3318 ut

73 3358 156 3427 ‘plats
171 3374 239 3429 sua,
257 3353 334 3416 dum
351 3353 418 3419 sine
434 3353 572 3438 periculo
589 3352 704 3429 liceret,
723 3352 886 3418 excederet
899 3347 1056 3424 Gadibus3

73 3433 212 3511 ¹lidnon
232 3444 373 3524 lecisset,
400 3446 460 3512 sibi
481 3447 644 3511 consilium
671 3456 823 3531 capturos.
867 3445 927 3509 hoe
948 3444 1057 3508 timore

74 3528 212 3605 &dum
239 3534 420 3607 Gallonium
446 3537 589 3606 Gadibus
616 3541 797 3606 excessisse.
845 3539 894 3604 his
925 3537 1056 3624 cognitis

74 3620 141 3696 ‘llus
155 3633 252 3700 altera
268 3657 309 3700 ex
325 3634 446 3700 duabus
462 3634 653 3721 legionibus,
671 3656 752 3718 quae
768 3632 935 3698 vernacula
951 3631 1058 3718 appel-

75 3708 180 3819 Μ,
205 3751 246 3793 ex
267 3729 377 3795 eastris
398 3727 548 3794 Varronis
571 3739 691 3794 astante
718 3738 749 3793 et
775 3727 966 3812 inspectante
987 3726 1057 3811 ipso

76 3826 142 3895 ΨΒ
158 3822 282 3889 sustulit
303 3845 434 3907 seseque
451 3822 610 3908 Hispalim
631 3822 748 3907 recepit
769 3830 861 3905 atque
882 3821 915 3884 in
936 3820 1005 3884 foro
1026 3828 1057 3883 ct

77 3908 214 3984 mudum
230 3917 298 3985 sine
314 3917 466 3984 maleficio
483 3918 631 3984 consedit.
658 3916 743 4003 quod
759 3915 876 3982 laetum
894 3914 972 3980 adeo
990 3912 1056 3977 eius
