2692 5206
482 796 601 855 comt.
618 798 657 855 Il.
674 798 785 854 33-36.
1083 786 1145 853 231

126 931 342 1007 procurrerant
359 921 437 987 levis
455 931 629 987 annaturae
647 921 968 988 circumveniebantur
989 933 1084 1009 atque
1099 923 1148 988 in-

126 1014 354 1081 terficiebantur
376 1015 415 1080 ab
437 1017 562 1080 nostris.
606 1016 668 1081 buc
695 1027 761 1081 tota
781 1015 858 1081 Vari
885 1039 1037 1082 conversa
1063 1017 1146 1083 acies

124 1132 198 1175 suos
217 1109 328 1195 fugere
345 1119 377 1175 et
389 1110 510 1174 concidi
523 1109 657 1175 ridebat.
685 1120 759 1175 tunc
772 1109 913 1188 Rebilus,
931 1110 1053 1197 legatus
1067 1109 1148 1176 Cae-

124 1205 213 1282 saris,
231 1225 325 1287 quem
336 1201 433 1269 Curio
446 1226 552 1269 secum
565 1227 605 1269 ex
621 1203 729 1270 Sicilia
741 1205 881 1281 duxerat,
900 1204 985 1288 quod
998 1227 1147 1291 magnum

123 1297 239 1363 babere
256 1321 349 1364 usum
367 1299 401 1362 in
417 1320 450 1363 re
468 1299 592 1364 militari
616 1298 748 1376 sciebat,
777 1299 1011 1384 ‘perterritum'
1037 1298 1146 1382 inquit,

125 1392 262 1457 ‘hostem
279 1392 381 1470 vides,
401 1391 512 1458 Curio:
535 1392 611 1477 quid
629 1392 752 1457 dubitas
771 1394 816 1457 uti
835 1393 982 1478 temporis
1000 1403 1148 1478 opportu-

123 1485 250 1550 nitatcl'
276 1484 328 1550 ille
350 1508 448 1550 unum
471 1486 626 1564 elocutus,
648 1497 683 1550 ut
706 1487 855 1551 memoria
876 1496 1016 1551 tenerent
1032 1485 1147 1550 milites

123 1600 169 1655 ea,
187 1600 269 1662 quae
281 1578 380 1663 pridie
394 1579 454 1644 sibi
467 1580 712 1657 confirmassent,
732 1581 819 1664 sequi
833 1602 903 1645 sese
915 1579 1002 1644 iubet
1015 1592 1046 1645 et
1058 1600 1148 1666 prae-

123 1673 218 1737 currit
235 1684 308 1737 ante
325 1694 443 1738 omnes.
470 1675 548 1738 adeo
563 1685 628 1739 erat
641 1674 790 1759 impedita
802 1674 902 1752 vallis,
920 1674 1001 1738 utin
1014 1695 1147 1739 ascensu

122 1766 183 1831 nisi
200 1766 355 1832 sublevati
368 1769 465 1832 esuis
479 1769 570 1853 primi
584 1792 647 1832 non
660 1769 752 1833 facile
765 1769 961 1833 eniterentur.
989 1767 1046 1834 sed
1057 1790 1148 1854 prac-

123 1872 295 1948 oecupatus
317 1863 439 1927 animus
457 1863 657 1929 Attianorum
679 1863 813 1928 militum
836 1864 946 1928 timore
968 1872 1000 1927 et
1020 1863 1099 1949 fuga
1115 1873 1147 1927 et

122 1956 219 2021 caede
236 1979 363 2020 suorum
381 1957 458 2021 nibil
475 1958 514 2022 de
532 1958 705 2023 resistendo
727 1956 898 2044 cogitabat,
921 1979 1093 2041 omnesque
1110 1980 1146 2022 se

123 2050 186 2115 iam
205 2048 246 2115 ab
264 2051 402 2135 equitatu
419 2052 636 2117 circumveniri
653 2051 889 2116 arbitrabantur.
920 2052 1026 2135 itaque
1043 2051 1145 2138 prius·

122 2166 218 2228 quarn
239 2143 337 2208 telum
361 2144 441 2210 abici
462 2146 582 2230 posset,
609 2158 663 2210 aut
683 2146 781 2210 nostri
802 2146 930 2231 propius
952 2146 1143 2223 accederent,

122 2239 224 2302 omnis
237 2237 315 2303 Vari
332 2239 415 2304 acies
433 2249 521 2326 terga
538 2241 630 2304 vertit
647 2263 743 2325 seque
761 2240 794 2304 in
811 2252 914 2306 castra
929 2240 1055 2326 recepit.
1081 2261 1145 2325 qua
1162 2261 1195 2309 35

122 2330 154 2395 in
170 2330 250 2418 suga
265 2331 385 2397 Fabius
402 2332 553 2420 Pelignus
575 2334 702 2418 quidam
725 2356 764 2398 ex
785 2333 900 2398 infimis
922 2333 1083 2400 ordinibus
1104 2335 1145 2399 dc

124 2427 259 2491 exercitu
283 2425 429 2493 Curionis
451 2429 586 2514 primum
608 2451 721 2515 agmen
749 2428 936 2514 fugientium
958 2438 1144 2493 consecutus

125 2542 238 2606 magna
253 2541 332 2585 voce
345 2520 462 2586 Varum
482 2523 607 2587 nomine
621 2521 781 2608 appellans
800 2521 984 2605 requirebat,
1003 2521 1049 2585 uti
1061 2543 1145 2586 unus

125 2634 191 2679 esse
213 2637 255 2678 ex
277 2615 344 2679 sius
366 2616 515 2681 militibus
538 2628 569 2681 et
590 2639 716 2682 monere
742 2615 860 2698 aliquid
882 2615 960 2679 velle
982 2616 1145 2680 aedicere

125 2707 287 2773 rideretur.
313 2708 369 2773 ubi
385 2710 436 2774 ille
455 2711 579 2795 saepius
597 2711 769 2796 appellatus
787 2708 909 2793 aspexit
926 2730 963 2772 ac
980 2709 1091 2773 restitit
1104 2717 1144 2785 et,

127 2801 191 2884 quis
209 2812 295 2867 esset
315 2814 370 2867 aut
390 2805 467 2887 quid
488 2804 595 2883 vellet,
622 2803 789 2889 quaesivit,
816 2803 980 2866 humerum
1002 2811 1144 2886 apertum

130 2894 227 2980 gladio
244 2898 363 2983 appetit
380 2898 570 2984 paulumque
589 2899 681 2977 afuit,
708 2899 784 2981 quin
801 2896 922 2962 Varum
943 2894 1143 2973 interficeret3

131 2990 206 3071 quod
221 2989 275 3056 ille
292 2992 464 3077 periculum
482 2993 605 3059 sublato
623 2994 663 3058 ad
681 2993 748 3057 eius
763 3005 908 3057 conatum
923 3001 1012 3056 scuto
1025 2990 1143 3055 vitavit.

133 3079 240 3149 Fabius
258 3108 279 3149 a
294 3085 444 3171 proximis
463 3087 612 3152 militibus
626 3088 854 3151 circumventus
868 3084 1058 3149 interficitur.
1085 3083 1146 3149 bac

136 3172 310 3261 fugientium
332 3179 528 3244 multitudine
550 3203 588 3245 ac
609 3180 700 3245 turba
724 3190 832 3264 portae
854 3189 1025 3243 castrorum
1052 3199 1145 3243 occu·

139 3282 236 3352 {untur
252 3283 347 3357 atque
363 3275 421 3338 iter
437 3275 612 3359 impeditur,
631 3275 797 3359 pluresque
815 3274 846 3338 in
864 3295 902 3338 eo
913 3272 983 3338 loco
998 3273 1064 3338 sine
1077 3274 1146 3338 vul-

141 3382 200 3427 uere
218 3388 313 3449 quam
334 3367 367 3431 in
385 3368 502 3452 proelio
524 3379 576 3434 aut
599 3369 678 3454 iuga
694 3369 861 3445 intereunt,
888 3389 990 3452 neque
1013 3367 1145 3432 multum

143 3455 213 3535 afuit,
230 3460 304 3544 quin
318 3461 412 3526 etiam
425 3463 533 3527 (astris
548 3463 783 3548 expellerentur,
802 3484 840 3527 ac
853 3461 992 3526 nonnulli
1005 3462 1145 3546 protinus

145 3550 235 3617 eodem
251 3575 346 3619 cursu
363 3555 396 3619 in
413 3556 563 3641 oppidum
581 3556 814 3621 contenderunt.
850 3557 907 3620 sed
924 3577 995 3620 cum
1013 3554 1073 3619 loci
1090 3578 1146 3618 na·

147 3647 200 3707 tuta
212 3656 242 3711 et
258 3649 389 3714 munitio
407 3660 579 3714 castrorum
597 3650 715 3714 aditum
732 3648 952 3758 probibebant,
976 3659 1043 3712 tum
1060 3649 1146 3730 quod

148 3732 332 3821 dometium
350 3744 470 3828 egressi
489 3742 634 3809 Curionis
652 3744 803 3808 milites''
783 3766 821 3807 us
843 3743 936 3808 rebus
954 3741 1144 3826 indigebant,

149 3842 209 3905 (lue
218 3834 257 3899 ud
269 3837 535 3946 oppugnationem
548 3849 721 3902 castrorum
735 3847 822 3902 erant
831 3837 911 3902 usui.
933 3836 1038 3919 itaque
1049 3833 1146 3899 Curio

150 3927 320 3994 muitum
311 3954 344 3995 m
361 3943 464 3996 castra
480 3933 600 3997 reducit
621 3933 687 3997 suis
711 3932 855 3997 omnibus
874 3941 995 4016 praeter
1011 3928 1146 3995 Fabium

149 4007 345 4103 illblembas,
368 4048 408 4092 ex
424 4050 553 4092 numero
571 4028 817 4093 adversariorum
835 4027 955 4092 circiter
971 4024 1062 4090 DC
1053 4035 1147 4090 mter-

150 4101 217 4180 laets
236 4139 273 4183 ac
293 4121 398 4184 multia
419 4121 604 4200 vulneratis3
631 4122 684 4206 qui
707 4144 815 4188 omnes
838 4121 980 4186 discessu
999 4119 1145 4185 Curionis

150 4202 274 4300 musque
290 4224 452 4299 praeterea
472 4237 528 4301 per
545 4171 773 4281 simulationem
791 4215 955 4280 vulnerum
978 4238 1017 4279 ex
1035 4215 1145 4279 eastris

151 4305 314 4389 sappirum
323 4320 450 4394 propter
459 4310 599 4375 timorem
614 4332 683 4376 sese
697 4311 858 4395 recipiunt
885 4332 948 4393 qua
961 4331 993 4373 re
1007 4309 1146 4373 animad-

151 4399 220 4462 versa
230 4398 333 4466 Varus
351 4413 382 4467 et
400 4414 515 4468 terrore
533 4405 687 4470 exercitus
705 4405 830 4491 cognito
848 4403 1077 4469 bucinatorem
1095 4425 1146 4467 ca-

151 4483 204 4550 lfit
222 4503 252 4557 et
271 4496 380 4580 paucis
402 4497 444 4561 ad
466 4498 601 4606 speciem
625 4498 832 4563 tabernaculis
854 4498 968 4563 relictis
995 4498 1035 4561 de
1056 4496 1146 4562 tertia

151 4570 234 4661 agui,
250 4589 372 4656 silentio
389 4593 559 4657 exereitum
576 4592 609 4656 in
626 4592 775 4678 oppidum
792 4592 921 4658 reducit.
952 4601 1078 4677 postero
1095 4590 1144 4654 die
1164 4611 1195 4658 36
