2692 5206
457 807 576 867 COMM.
594 811 673 866 VIII.
690 811 810 867 38-42.
1083 798 1143 863 I'II

125 934 250 999 dunum.
294 932 356 998 hoc
378 941 516 997 avortere
537 933 598 998 loci
620 947 730 999 natura
751 932 950 1021 prohibebat:
977 934 1010 998 in
1031 933 1145 998 intimis

124 1028 205 1092 enim
223 1027 269 1092 sic
285 1026 444 1092 radicibus
462 1028 576 1092 montis
594 1027 765 1105 ferebatur,
788 1039 824 1093 ut
841 1027 959 1093 nullam
976 1028 1009 1092 in
1025 1038 1146 1114 partem

122 1122 280 1208 depressis
298 1120 395 1187 fossis
412 1121 546 1186 derivari
563 1133 679 1207 possct.
707 1133 774 1187 erat
786 1132 889 1188 autern
903 1122 1068 1207 oppidanis
1085 1122 1147 1186 dif-

122 1216 211 1281 ficilis
230 1226 262 1280 ct
278 1225 464 1302 praeruptus
484 1237 520 1281 eo
534 1215 714 1294 descensus,
732 1227 767 1281 ut
781 1215 1018 1303 prohibentibus
1030 1215 1147 1282 nostris

123 1311 189 1376 sine
202 1309 386 1374 vulneribus
404 1332 441 1374 ac
457 1309 595 1395 periculo
609 1311 691 1375 vitae
704 1333 805 1395 neque
819 1310 904 1376 adire
916 1310 1034 1375 flumen
1045 1331 1148 1394 neque

122 1404 220 1469 artluo
237 1425 273 1468 se
289 1403 428 1488 recipere
445 1413 575 1488 possent
592 1426 735 1469 ascensu.
762 1427 825 1488 qua
840 1402 1024 1468 difficultate
1041 1424 1148 1468 eorum

124 1497 249 1584 cognita
268 1495 388 1562 Caesar
405 1497 573 1583 sagittariis
596 1497 868 1582 funditoribusque
890 1496 1065 1583 dispositis,
1086 1505 1149 1561 tor-

123 1591 236 1655 mentis
253 1590 349 1655 etiam
366 1590 555 1674 quibusdam
573 1591 650 1656 locis
669 1602 777 1656 contra
793 1590 960 1656 facillimos
977 1590 1148 1656 descensus
1226 1642 1228 1648 .

124 1684 282 1750 collocatis
309 1706 391 1768 aqua
412 1684 548 1749 fluminis
574 1685 760 1771 prohibebat
785 1685 969 1771 oppidanos.
1017 1706 1148 1769 quorum
1167 1708 1198 1756 rr

126 1778 225 1843 omnis
242 1795 354 1864 postea
370 1778 536 1844 multitudo
553 1789 737 1862 aquatorum
755 1802 853 1844 unum
870 1779 1024 1844 inlocum
1036 1800 1150 1844 wave-

126 1873 229 1939 niebat
246 1872 307 1938 sub
324 1872 424 1958 ipsius
443 1874 551 1959 oppidi
567 1897 706 1952 murum,
730 1873 784 1939 ubi
802 1896 936 1960 magnus
958 1873 1031 1939 sons
1048 1894 1149 1957 aquae

127 1965 345 2052 prorumpebat
358 1966 398 2032 ab
412 1989 450 2032 ea
461 1979 559 2052 parte,
578 1989 659 2052 quae
673 1969 739 2033 fere
752 1969 867 2054 pedum
883 1966 973 2033 CCC
986 1965 1149 2033 intervallo

127 2061 259 2127 fluminis
278 2061 408 2126 circuitu
425 2061 566 2127 vacabat.
611 2063 671 2128 hoc
693 2063 780 2128 fonte
801 2062 960 2149 prohiberi
981 2083 1076 2148 posse
1093 2083 1150 2146 op-

127 2155 254 2240 pidanos
273 2176 346 2219 cum
363 2164 505 2240 optarent
522 2155 646 2239 reliqui,
671 2155 791 2222 Caesar
809 2179 890 2222 unus
908 2157 1043 2234 videret,
1066 2177 1085 2220 e
1101 2177 1150 2219 rc-

127 2248 215 2334 gione
241 2247 310 2314 eius
337 2249 445 2314 vineas
471 2272 565 2336 agere
592 2251 744 2316 adversus
774 2262 914 2317 montem
940 2261 972 2316 et
1001 2271 1150 2337 aggerem

128 2342 276 2409 instruere
301 2343 405 2427 eoepit
430 2366 546 2430 magno
572 2366 645 2409 cum
667 2344 773 2409 labore
796 2355 827 2409 et
853 2344 1000 2410 continua
1022 2343 1150 2408 dimica-

130 2437 216 2503 tione.
260 2438 409 2522 oppidani
427 2439 510 2502 enim
528 2438 597 2504 loco
615 2440 775 2524 superiore
792 2439 961 2504 decurrunt
978 2449 1010 2503 ct
1027 2439 1150 2502 eminus

132 2531 190 2597 sine
206 2531 349 2617 periculo
366 2532 556 2617 proeliantur
573 2533 751 2617 multosque
768 2533 967 2619 pertinaciter
981 2532 1151 2597 succeden-

132 2635 171 2691 tes
188 2625 368 2702 vuluerant3
386 2648 449 2690 non
467 2627 660 2692 deterrentur
677 2637 782 2691 tamen
798 2625 913 2690 milites
932 2626 1030 2691 nostri
1042 2625 1150 2688 vineas

133 2720 261 2804 proferre
280 2729 311 2784 et
328 2720 433 2785 laboro
451 2732 544 2805 atque
562 2720 708 2807 operibus
726 2721 866 2785 locorum
879 2720 1003 2784 vincere
1017 2717 1151 2782 difficul-

135 2825 213 2880 tates.
240 2815 352 2880 eodcm
370 2825 508 2900 ternpore
526 2816 687 2881 cuniculos
706 2825 804 2880 tectos
823 2813 977 2879 abrincis
995 2822 1093 2898 agunt
1111 2813 1152 2876 ad

135 2920 219 2994 aput
235 2907 346 2986 sontis3
373 2909 458 2992 quod
478 2932 579 2995 genus
602 2909 705 2995 operis
728 2908 796 2973 sine
818 2907 882 2972 ullo
904 2906 1056 2993 periculo,
1084 2906 1152 2971 sinc

136 3002 303 3088 suspicione
329 3002 466 3067 hostium
493 3003 597 3068 facero
624 3002 747 3068 licebat.
795 3002 966 3067 exstruitur
995 3021 1094 3086 agger
1118 2999 1152 3062 in

136 3093 320 3161 altitudinem
332 3097 449 3182 pedum
463 3098 636 3184 sexaginta,
655 3098 825 3163 collocatur
838 3097 871 3161 in
885 3118 923 3161 eo
936 3095 1029 3159 turris
1042 3095 1151 3158 decem

136 3187 344 3266 tabulatorum,
359 3213 423 3256 non
435 3191 562 3274 quidem
575 3214 656 3275 quae
670 3190 834 3256 moenibus
848 3198 995 3275 aequaret
1008 3187 1056 3273 (id
1068 3187 1153 3254 enim

136 3282 217 3349 nullis
238 3283 387 3369 operibus
410 3285 493 3350 effici
515 3288 666 3372 poterat),
696 3286 752 3350 sed
775 3307 855 3370 quae
881 3305 1029 3369 superare
1054 3281 1152 3347 fontis

136 3373 288 3464 fatigium
304 3389 422 3463 posset
458 3401 498 3443 ex
516 3401 554 3444 ea
571 3401 643 3444 cum
661 3379 723 3444 tela
741 3379 902 3444 tormentis
919 3378 1095 3443 iacerentur
1112 3374 1153 3439 ad

136 3467 220 3537 tontis
238 3473 374 3551 aditum,
401 3495 460 3538 nec
477 3474 544 3540 sine
561 3475 701 3560 periculo
719 3484 850 3560 possent
868 3474 976 3558 aquari
993 3471 1151 3558 oppidani,

136 3584 188 3631 uon
204 3576 327 3631 tantum
344 3590 459 3653 pecora
475 3579 569 3652 atquc
586 3569 738 3646 iumenta,
766 3570 823 3635 sed
844 3569 939 3633 etiam
960 3590 1076 3654 magna
1096 3565 1153 3630 ho-

136 3660 221 3725 stium
242 3661 410 3728 multitudo
433 3662 485 3728 siti
507 3663 759 3728 consumebatur.
809 3685 872 3747 quo
893 3661 977 3728 malo
998 3659 1151 3746 perterriti
1171 3679 1202 3725 ss

135 3755 275 3840 oppidani
288 3777 386 3841 cupas
401 3778 486 3834 sevo,
504 3757 584 3842 pice,
603 3757 762 3822 scandulis
781 3757 952 3842 complent3
971 3777 1025 3820 eas
1043 3753 1154 3818 arden·

135 3854 172 3912 tes
189 3848 224 3914 in
240 3871 339 3935 opera
354 3850 543 3935 provolvunt
560 3851 734 3935 codemque
749 3860 887 3936 tempore
901 3849 1051 3915 acerrime
1063 3869 1154 3932 proc-

135 3935 253 4021 lisntur,
277 3953 313 4007 ut
330 3942 371 4008 ab
388 3944 532 4010 incendio
549 3945 772 4031 restinguendo
789 3943 998 4010 dimicationis
1015 3941 1154 4028 periculo

135 4033 303 4102 deterream
323 4037 495 4105 Romanos.
545 4062 661 4125 magna
689 4049 817 4125 repento
843 4039 876 4103 in
901 4037 980 4122 ipsis
1007 4034 1154 4121 operibus

135 4126 254 4196 lamma
271 4132 399 4197 exstitit.
427 4154 643 4216 quaecumque
661 4133 745 4198 enim
762 4155 818 4217 per
831 4133 935 4197 locum
953 4129 1154 4215 praecipitem

134 4223 225 4291 missa
241 4235 345 4304 erant,
364 4249 403 4292 ea
419 4228 519 4292 vineis
538 4237 569 4291 et
587 4250 703 4314 aggere
721 4249 892 4313 suppressa
909 4223 1155 4311 comprehende-

134 4313 202 4384 bant
227 4319 263 4384 id
287 4321 407 4406 ipsum,
435 4324 520 4406 quod
546 4323 734 4388 morabatur.
779 4322 893 4386 milites
915 4332 1024 4386 eontra
1045 4319 1152 4394 nostri,

133 4430 319 4499 quamquam
340 4417 516 4501 periculoso
539 4439 654 4503 genere
676 4415 786 4502 proelii
807 4416 938 4500 locoque
959 4415 1067 4499 iniquo
1084 4434 1154 4498 prc-

133 4506 303 4587 mebantur,
323 4520 428 4575 tamen
445 4511 550 4576 omnia
567 4510 739 4575 fortissimo
754 4510 949 4575 sustinebant
962 4509 1077 4574 anim0.
1102 4529 1153 4570 res

132 4603 211 4668 enim
229 4604 397 4691 gerebatur
415 4615 445 4671 ct
464 4606 589 4672 excelso
611 4606 681 4671 loco
704 4606 784 4671 etin
806 4615 977 4691 conspectu
998 4600 1152 4669 exercitus
