2692 5206
445 767 562 825 COMll.
580 770 615 827 V.
633 771 754 826 17-22.
1069 763 1110 825 79

88 906 186 981 atque
203 893 265 959 hoc
285 901 371 958 metu
387 893 480 958 latius
502 893 611 979 vagari
631 892 825 978 prohibebat.
868 894 1108 980 relinquebatur,

88 1001 125 1055 nt
141 1010 245 1073 neque
262 987 387 1073 longius
403 986 444 1052 ab
462 987 585 1073 agmine
603 986 762 1072 legionum
780 988 897 1053 discedi
916 988 1034 1055 Caesar
1054 1014 1110 1077 pa·

89 1094 208 1149 teretur
225 1092 256 1147 et
273 1092 393 1146 tantum
409 1081 443 1145 in
459 1081 543 1167 agris
556 1081 716 1145 vastandis
729 1080 941 1166 incendiisque
958 1083 1109 1149 faciendis

88 1174 236 1241 hostibus
252 1185 422 1251 noceretur,
441 1184 591 1258 quantum
605 1173 710 1238 labore
724 1184 816 1258 atque
829 1175 936 1241 itinere
949 1176 1110 1264 legionarii

89 1270 206 1335 milites
224 1268 347 1334 efficere
363 1278 514 1354 poterant.
559 1267 682 1331 interim
699 1266 921 1346 Trinobantes,
943 1292 1040 1356 prope
1057 1272 1109 1336 fir·
1127 1294 1160 1340 2ο

90 1363 237 1429 missima
257 1383 366 1427 earum
386 1361 549 1447 regionum
571 1361 695 1438 civitas,
722 1383 762 1425 ex
783 1382 846 1445 qua
862 1361 1108 1430 Mandubracius

90 1456 278 1523 adulescens
301 1455 447 1521 Caesaris
472 1456 566 1521 fidem
589 1466 714 1521 secutus
737 1456 779 1520 ad
799 1478 872 1521 eum
897 1457 930 1520 in
952 1458 1110 1523 continen-

90 1563 158 1615 tem
180 1547 318 1615 Gallinm
338 1560 479 1627 venerat,
502 1550 591 1614 cuius
612 1560 701 1635 pater
720 1549 754 1613 in
775 1572 813 1614 ea
834 1550 957 1616 civitate
977 1574 1110 1637 regnum

90 1644 269 1711 obtinuerat
289 1644 531 1728 interfectusque
554 1655 620 1708 erat
637 1667 657 1707 a
675 1642 926 1722 Cassivellauno,
947 1645 1016 1731 ipse
1034 1645 1111 1732 fuga
1188 1649 1191 1655 ’

89 1750 224 1804 mortem
246 1738 411 1815 vitaverat,
433 1737 552 1824 legatos
575 1738 616 1803 ad
634 1736 804 1803 Caesarem
821 1739 947 1803 mittunt
963 1740 1111 1826 pollicen-

90 1844 215 1915 turque,
233 1853 303 1895 sese
321 1831 351 1895 ei
367 1831 525 1896 dedituros
543 1842 637 1915 atque
654 1832 805 1917 imperata
822 1831 974 1911 factur0s;
991 1845 1109 1920 petunt,

89 1936 127 1989 nt
143 1922 408 1989 Mandubracium
424 1925 464 1990 ab
482 1925 594 1989 iniuria
608 1922 837 1991 Cassivellauni
853 1926 1000 1992 defendat
1017 1941 1111 2012 atque

90 2018 125 2082 in
142 2018 300 2082 civitatem
316 2018 427 2095 mittat,
446 2018 500 2103 qui
516 2019 633 2104 praesit
644 2020 870 2104 imperiumque
884 2020 1030 2086 obtineat.
1061 2022 1110 2086 his

92 2112 217 2179 Caesar
231 2112 364 2198 imperat
381 2111 506 2178 obsides
528 2112 734 2199 quadraginta
754 2113 1006 2199 frumentumque
1023 2138 1112 2180 exer-

90 2205 168 2270 citui
183 2204 509 2290 Mandubraciumque
526 2206 567 2271 ad
584 2229 638 2272 eos
656 2207 758 2272 mittit.
801 2208 847 2272 illi
863 2208 1014 2293 imperata
1031 2209 1111 2274 cele·

90 2299 167 2363 riter
182 2298 338 2377 feoemnt,
361 2298 487 2365 obsides
505 2301 728 2365 adnumerum
748 2301 1000 2386 frumentumque
1018 2302 1111 2366 mise-

90 2402 175 2457 runt.
198 2390 442 2459 Trinobantibus
456 2393 594 2459 defensis
608 2404 700 2478 atque
710 2393 750 2460 ab
759 2396 844 2461 omni
856 2396 989 2460 militum
1001 2395 1113 2459 iniuria
1130 2415 1159 2461 21

90 2484 258 2571 prohibitis
269 2483 464 2572 Cenimagni,
476 2485 665 2573 Segontiaci,
679 2487 851 2566 Ancalites,
866 2489 1003 2565 Bibroci,
1019 2488 1112 2554 Cassi

91 2579 305 2666 legationibus
322 2581 426 2646 missis
445 2603 515 2646 sese
530 2580 658 2647 Caesari
676 2583 802 2647 dedunt.
833 2582 873 2647 ab
891 2582 939 2647 his
953 2583 1113 2668 cognoscit

92 2696 157 2738 non
171 2672 270 2759 longe
286 2696 326 2738 ex
344 2697 382 2739 eo
398 2674 468 2740 loco
485 2675 635 2761 oppidum
650 2674 878 2740 Cassivellauni
896 2674 1007 2740 abesse
1026 2675 1112 2739 silvis

91 2765 324 2853 pdudibusque
341 2769 504 2847 munitum,
522 2791 584 2852 quo
602 2770 678 2833 satis
696 2792 829 2855 magnus
847 2767 1008 2832 hominum
1021 2790 1113 2853 peco-

90 2863 200 2948 risque
217 2886 364 2929 numerus
382 2865 569 2929 convenerit.
613 2864 762 2949 oppidum
781 2877 886 2928 autem
898 2862 1041 2928 Britanni
1058 2884 1113 2927 vo·

48 2970 57 2985 ·
92 2966 180 3035 cant,
207 2978 280 3022 cum
297 2957 392 3023 silvas
413 2958 578 3044 impeditas
601 2958 795 3041 vallantque
817 2957 904 3023 fossa
926 2956 1111 3029 munierunt,

91 3072 157 3135 quo
173 3050 359 3117 incursionis
376 3051 514 3117 hostium
527 3053 671 3117 vitandae
689 3075 785 3117 eausa
802 3051 966 3117 convenire
982 3071 1113 3115 eonsue-

91 3152 176 3209 runt.
203 3166 242 3209 eo
258 3144 464 3230 proficiscitur
480 3168 552 3210 cum
569 3146 759 3232 legionibus:
777 3146 882 3211 locum
898 3144 1012 3230 reperit
1025 3165 1113 3230 egre-

90 3238 145 3324 gie
160 3248 275 3303 natura
290 3249 384 3323 atque
402 3262 495 3326 opere
511 3241 679 3318 munitum3
707 3252 811 3305 tamen
832 3240 916 3305 hunc
933 3237 1054 3305 duabus
1073 3259 1113 3302 ex

89 3330 236 3417 partibus
262 3355 444 3420 oppugnare
470 3334 638 3400 contendit.
686 3335 793 3399 hostes
820 3334 977 3420 paulisper
1002 3332 1113 3396 morati

91 3424 229 3491 militnm
246 3439 423 3493 nostrorum
439 3428 591 3514 impetum
608 3451 672 3493 non
693 3428 829 3493 tulerunt
846 3449 978 3511 seseque
995 3425 1056 3491 alia
1073 3447 1114 3489 ex

90 3530 182 3605 parte
199 3520 309 3607 oppidi
329 3521 495 3587 eiecerunt.
539 3543 672 3608 magnus
694 3520 739 3586 ibi
755 3544 903 3585 numerus
925 3518 1046 3605 pecoris
1064 3540 1113 3581 re-

91 3623 213 3697 pertus,
230 3613 383 3699 multique
395 3614 429 3679 in
442 3615 520 3702 fuga
528 3626 602 3680 aunt
614 3615 830 3701 comprehensi
843 3624 936 3698 atque
949 3611 1112 3678 interfecti.

92 3705 170 3771 dom
188 3704 269 3771 haee
289 3707 322 3772 in
340 3707 389 3773 his
410 3708 487 3774 locis
504 3719 669 3795 geruntur,
693 3707 949 3773 Cassivellaunus
972 3707 1012 3771 ad
1031 3703 1114 3769 Can·
1131 3727 1162 3772 22

92 3798 187 3878 tium,
211 3801 297 3884 quod
315 3824 385 3868 csse
402 3804 443 3867 ad
460 3827 544 3869 mare
567 3827 662 3890 supra
683 3802 979 3877 demonstravimus,
1001 3798 1113 3882 quibus

91 3892 276 3981 regionibus
297 3905 444 3980 quattuor
463 3919 555 3983 reges
577 3907 753 3984 praeerant,
781 3895 977 3982 Cingetorix,
1005 3892 1114 3958 Carvi-

92 3984 164 4066 lius,
183 3986 427 4077 Taximagulus,
447 3988 609 4077 Segouax,
627 3992 752 4057 nuntios
770 3991 863 4056 mittit
880 4000 973 4074 atquc
990 3987 1039 4052 hia
1056 3986 1115 4051 im-

92 4092 192 4167 perat,
204 4082 253 4147 uti
260 4084 377 4149 coactis
386 4084 529 4152 omnibus
540 4085 638 4171 copiis
647 4097 749 4151 castra
758 4086 881 4151 navalia
894 4085 933 4149 de
945 4081 1114 4168 improviso

93 4174 274 4241 adoriantur
290 4188 385 4262 atque
401 4190 593 4266 oppugnent.
636 4180 748 4244 iicum
770 4181 810 4244 ad
828 4189 930 4243 castra
946 4178 1112 4253 venissent,

92 4268 193 4335 nonni
210 4270 372 4356 eruptione
384 4272 468 4337 facta
481 4272 587 4337 multis
597 4296 704 4338 eorum
717 4272 898 4349 interfectis,
917 4281 1007 4355 capto
1021 4270 1113 4335 ctiam

92 4362 191 4429 nobili
207 4364 289 4431 duce
304 4366 509 4452 Lugotorige,
528 4390 602 4432 suos
620 4367 791 4433 incolumes
809 4367 1006 4431 reduxerunt.
1035 4363 1114 4430 Cas-

93 4456 286 4524 sivellntmus
304 4458 364 4525 hoc
380 4460 498 4546 proelio
515 4461 672 4538 nuntiato,
695 4471 741 4527 tot
759 4460 949 4526 detrimentis
968 4459 1112 4543 acceptis,

93 4552 224 4619 vastatis
240 4552 371 4633 linibus,
393 4554 528 4620 maxime
551 4555 644 4620 ctiam
666 4565 826 4641 permotus
848 4553 1022 4621 defectione
1039 4551 1114 4615 civi-
