2738 5272
183 773 247 838 312
491 785 606 841 BELLI
622 787 893 845 ALEXANDRINI

182 910 469 992 iunctissimumque
493 906 637 974 Octavio.
682 933 745 994 quo
767 922 802 977 ut
828 915 926 991 venit,
953 916 1106 1000 oppidani
1135 940 1215 1004 sup-

181 1005 278 1091 pliecs
292 1026 326 1069 se
339 1002 466 1069 Vatinio
480 1002 671 1081 dediderunt,
691 1008 902 1092 comperitque
915 1008 1018 1092 ipsum
1033 1007 1215 1075 Octavium

182 1099 286 1184 parvis
304 1097 474 1183 paucisque
496 1098 629 1183 navigiis
651 1115 744 1164 vento
767 1102 904 1167 secundo
925 1104 1087 1189 regionem
1107 1103 1214 1171 Grae-

182 1193 247 1257 ciae
265 1193 390 1278 petisse,
408 1192 480 1255 inde
497 1201 531 1254 ut
546 1189 695 1270 Siciliam,
715 1192 826 1259 deiude
840 1195 982 1260 Africam
1000 1209 1139 1282 caperet
1168 1200 1214 1264 ita

181 1286 365 1351 brevissimo
384 1285 483 1372 spatio
500 1307 533 1348 re
546 1287 791 1371 praeclarissime
805 1302 895 1375 gesta
906 1292 1067 1376 proriucia
1080 1304 1214 1379 recepta

182 1390 213 1446 et
227 1379 394 1445 Cornificio
407 1378 536 1455 reddita,
554 1378 654 1445 classe
668 1381 916 1447 adversariorum
932 1406 971 1449 ex
984 1385 1037 1449 illo
1052 1396 1121 1450 toto
1136 1388 1212 1451 sinu

181 1473 313 1558 expulsa
329 1473 428 1538 vietor
444 1494 478 1536 se
495 1471 698 1538 Brundisium
722 1475 870 1540 ineolumi
892 1479 1030 1543 exercitu
1053 1491 1085 1542 ct
1104 1479 1213 1546 classe

181 1569 306 1653 recepit.

131 1678 164 1727 48
245 1663 290 1728 Iis
308 1676 411 1728 autem
429 1662 631 1748 temporibus,
648 1664 762 1747 quibus
778 1664 897 1730 Caesar
914 1667 954 1730 ad
967 1667 1212 1752 Dyrrhachium

183 1757 368 1843 Pompeium
386 1756 547 1822 obsidebat
560 1768 591 1823 et
603 1756 836 1844 Palaepharsali
850 1782 915 1824 rem
930 1760 1061 1825 feliciter
1074 1763 1212 1848 gerebat

182 1851 452 1934 Alexandriaeque
474 1872 545 1914 cum
567 1851 704 1936 periculo
731 1875 845 1938 magno
872 1864 937 1917 tum
965 1854 1057 1918 etiam
1086 1856 1212 1922 maiore

181 1945 309 2031 periculi
327 1944 411 2010 fama
424 1944 600 2021 dimicabat,
619 1943 660 2028 Q.
676 1945 806 2011 Cassius
820 1947 985 2033 Longinus
999 1949 1031 2012 in
1045 1949 1213 2034 Hispania

182 2063 238 2126 pro
255 2051 394 2127 praetore
412 2039 587 2124 provinciae
600 2040 752 2104 ulterioris
768 2041 953 2107 obtinendae
967 2065 1063 2108 causa
1077 2045 1212 2109 relictus

182 2134 248 2199 sive
270 2133 492 2199 consuetudine
514 2144 642 2198 naturae
666 2157 739 2199 suae
762 2135 828 2199 sive
851 2137 935 2212 odio,
963 2136 1047 2219 quod
1066 2138 1099 2201 in
1118 2138 1212 2203 illam

181 2229 371 2314 provinciam
390 2238 568 2312 susceperat
585 2244 731 2310 quaestor
748 2250 787 2292 ex
804 2229 924 2293 insidiis
947 2229 990 2294 ibi
1008 2229 1212 2309 tulnemtus,

182 2345 311 2408 magnas
339 2321 401 2386 odii
427 2322 475 2387 sui
501 2320 618 2386 fecerat
643 2322 851 2400 accessiones,
879 2324 962 2406 quod
988 2323 1038 2387 vcl
1061 2346 1102 2387 cx
1132 2347 1212 2389 con-

182 2418 311 2483 scientia
337 2440 406 2493 sua,
434 2439 504 2481 cum
527 2417 565 2480 de
589 2439 622 2480 se
648 2426 756 2480 mutuo
782 2419 894 2481 sentire
921 2418 1113 2502 provinciam
1141 2443 1213 2485 cre-

181 2512 275 2588 deret,
295 2512 344 2576 vel
358 2511 462 2576 multis
477 2511 574 2598 signis
589 2523 619 2575 et
633 2511 816 2576 testimoniis
831 2534 946 2587 corum,
966 2512 1019 2594 qui
1033 2512 1213 2578 difficulter

181 2608 252 2672 odia
269 2606 515 2682 dissimulabant,
533 2606 669 2670 animum
688 2606 847 2669 advertere
862 2618 989 2689 poterat,
1009 2619 1039 2669 ct
1053 2628 1213 2692 compen-

181 2725 249 2767 sare
267 2701 470 2766 offensionem
489 2700 663 2784 provinciae
677 2700 829 2763 exercitus
844 2722 947 2762 amore
962 2698 1117 2783 cupiebat.
1150 2702 1213 2766 ita-

180 2819 255 2881 que,
282 2819 352 2861 eum
379 2797 512 2881 primum
538 2796 570 2858 in
596 2817 692 2858 unum
719 2795 821 2858 locum
844 2795 1012 2858 exercitum
1039 2794 1209 2874 conduxit,

180 2892 338 2958 sestertios
357 2903 502 2955 centenos
521 2890 669 2955 militibus
688 2900 734 2953 cst
753 2890 906 2973 pollicitus
925 2912 982 2952 nee
1001 2889 1099 2952 multo
1119 2903 1209 2973 post,

180 3008 251 3050 cum
269 2987 302 3049 in
315 2986 480 3049 Lusitania
494 2984 718 3069 Medobregam
738 2984 885 3068 oppidum
904 2994 1103 3065 montemque
1118 2983 1210 3048 Her-

180 3079 310 3142 minium
341 3089 566 3163 expugnasset,
597 3100 659 3160 quo
686 3077 951 3162 Medobregcnses
983 3076 1209 3161 confugerant,

179 3171 284 3253 ibique
298 3172 463 3255 imperator
477 3181 559 3235 essct
573 3171 755 3256 appellatus,
771 3172 919 3234 sestertiis
934 3170 1071 3234 centenis
1086 3172 1209 3238 milites

179 3263 315 3327 donavit.
351 3263 448 3327 multa
466 3274 624 3348 praetcrea
641 3275 672 3328 et
689 3287 803 3349 magna
821 3264 957 3349 praemia
976 3264 1108 3349 singulis
1130 3287 1210 3330 con-

180 3356 323 3435 cedebat3
346 3379 426 3441 quac
445 3358 619 3441 speciosum
636 3358 807 3422 reddebant
832 3370 1025 3442 praesentem
1044 3360 1207 3424 exercitus

180 3472 330 3527 amorem,
349 3451 497 3535 paulatim
515 3461 619 3515 tamen
637 3463 667 3515 et
685 3452 803 3515 occulte
822 3453 983 3515 militarem
1003 3451 1208 3535 disciplinam

130 3560 160 3609 49
180 3543 437 3628 severitatemque
455 3543 643 3608 minuebant.
682 3544 813 3609 Cassius
830 3544 1006 3631 legionibus
1024 3546 1056 3606 in
1070 3544 1208 3610 hiberna

179 3638 338 3723 dispositis
361 3638 470 3702 adius
494 3638 658 3702 dicendum
682 3638 861 3703 Cordubam
884 3661 919 3703 se
941 3638 1056 3723 recepit
1079 3651 1207 3704 contra-

179 3743 325 3815 ctumque
344 3732 375 3795 in
393 3754 430 3796 ea
443 3755 496 3796 aes
510 3731 645 3796 alienum
658 3732 849 3817 gravissimis
864 3732 1008 3796 oneribus
1023 3731 1207 3816 provinciae

179 3826 339 3890 constituit
356 3826 531 3903 exsolverc;
550 3837 580 3889 et
599 3837 632 3889 ut
650 3825 821 3911 largitionis
840 3827 976 3909 postulat
994 3827 1205 3904 consuetudo,

179 3942 235 4003 per
252 3941 379 3983 causam
397 3918 590 3983 liberalitatis
610 3920 782 4003 speciosam
804 3919 893 4003 plura
914 3919 1052 4004 largitori
1071 3941 1206 4001 quaere-

180 4013 299 4078 bantur.
335 4012 963 4098 pecuniaelocupletibusimperabantur,
983 4035 1060 4095 quas
1079 4012 1207 4100 Longi-

179 4131 238 4171 nus
258 4106 316 4171 sibi
335 4130 488 4192 expensas
507 4108 580 4171 ferri
597 4130 660 4171 non
679 4122 797 4170 tantum
816 4107 1004 4191 patiebatur,
1032 4106 1087 4169 scd
1107 4108 1206 4171 etiam

179 4199 323 4284 cogebat,
343 4201 374 4263 in
392 4223 520 4287 gregem
537 4201 737 4285 locupletium
756 4201 959 4264 simultatium
977 4222 1072 4263 causa
1090 4211 1205 4267 tenues

179 4293 422 4371 coniciebantur,
450 4316 550 4378 neque
568 4295 666 4358 ullum
683 4316 783 4379 genus
802 4305 950 4377 quaestus
973 4304 1027 4357 aut
1045 4295 1154 4378 magni
1174 4307 1207 4360 ct

179 4386 329 4451 evidentis
348 4400 401 4451 aut
420 4389 538 4452 minimi
556 4399 587 4452 et
605 4389 720 4452 sordidi
737 4387 1045 4472 praetermittebatur,
1064 4409 1127 4470 quo
1147 4389 1207 4454 do-

180 4503 249 4544 mus
268 4489 298 4544 et
316 4481 448 4546 tribunal
465 4483 658 4568 imperatoris
676 4491 808 4546 vacaret.
836 4504 927 4546 ncrno
946 4492 1019 4558 crat,
1038 4482 1092 4564 qui
1106 4485 1206 4550 modo

180 4572 315 4656 aliquam
333 4575 482 4640 iacturam
499 4575 602 4640 faeere
619 4585 735 4660 posset,
754 4575 829 4658 quin
848 4585 901 4638 aut
918 4574 1095 4639 vadimonio
1115 4585 1206 4643 tenc·
