2738 5272
274 774 340 839 214
618 782 671 838 Dr:
688 781 814 838 BELLO
833 783 951 840 ClVlLI

276 908 396 975 Varum
413 907 561 984 veniatur,
580 927 614 971 sc
631 905 821 971 frumentum
839 906 983 970 daturum
999 905 1173 991 pollicetur.
1205 907 1299 972 addit

275 1002 383 1080 etiam,
408 1011 456 1079 ut,
481 1000 566 1085 quod
587 999 718 1083 quisque
741 1021 848 1065 eorum
869 998 1004 1064 inbelle
1031 999 1183 1077 amiserit,
1211 1023 1297 1084 quac

276 1096 338 1160 sint
362 1116 457 1180 penes
483 1093 595 1158 milites
622 1115 709 1170 suos,
735 1093 787 1169 iis,
814 1092 868 1174 qui
890 1093 1068 1170 amiserant,
1095 1093 1295 1172 restituatur3

274 1188 422 1253 militibus
440 1209 539 1271 aequa
554 1186 638 1251 sacta
654 1185 865 1251 aestimatione
882 1185 1045 1270 pecuniam
1063 1208 1119 1271 pro
1131 1184 1182 1251 his
1195 1186 1295 1252 rebus

274 1281 423 1347 dissolvit.
450 1301 663 1365 quascumque
674 1289 784 1365 postea
796 1280 1019 1345 controversias
1032 1280 1111 1344 inter
1125 1302 1159 1344 se
1174 1281 1293 1346 milites

272 1375 459 1452 habuerunt,
478 1397 535 1440 sua
552 1384 661 1458 sponte
679 1373 719 1437 ad
738 1371 906 1437 Caesarem
923 1373 1021 1437 iuius
1039 1373 1191 1437 adierunt
1226 1373 1293 1438 Pe-

272 1469 368 1534 treius
386 1479 478 1552 atquc
490 1465 641 1532 Afranius
659 1488 731 1531 cum
748 1466 936 1551 stipendium
948 1466 987 1531 ab
1001 1466 1176 1552 legionibus
1190 1489 1293 1551 paene

273 1563 423 1628 seditione
444 1561 529 1626 sacta
548 1559 772 1646 flagitarentur,
799 1560 887 1625 cuius
909 1560 954 1624 illi
970 1560 1053 1624 diem
1074 1560 1214 1625 nondum
1237 1584 1293 1625 ve-

272 1657 357 1722 nisse
382 1656 532 1733 dicerent,
564 1653 683 1720 Caesar
707 1663 742 1718 ut
767 1664 981 1740 cognosceret,
1011 1653 1203 1738 postulatum
1230 1665 1291 1732 est,

272 1772 371 1834 eoque
388 1750 523 1834 utrique,
545 1748 629 1831 quod
647 1748 766 1826 statuit,
790 1748 925 1813 contenti
945 1746 1079 1811 fuerunt
1122 1758 1213 1831 parte
1230 1748 1292 1812 cir-

272 1844 348 1908 citer
365 1843 455 1908 tcrtia
471 1842 623 1908 exercitus
641 1864 678 1906 eo
696 1840 791 1906 biduo
809 1841 938 1907 dimissa
959 1841 1036 1906 duas
1053 1841 1195 1925 legiones
1214 1864 1291 1906 suns

271 1939 461 2015 antecedere,
479 1937 613 2021 reliquas
633 1936 781 2018 subsequi
799 1936 897 2011 iussit,
916 1945 952 1999 ut
968 1958 1030 1999 nou
1046 1935 1140 2020 longo
1157 1935 1241 1999 inter
1256 1957 1292 2000 se

272 2031 372 2116 spatio
390 2040 489 2096 castra
507 2029 658 2105 facerent,
677 2030 766 2111 eique
784 2029 909 2113 negotio
928 2027 969 2111 Q.
987 2028 1112 2093 Fufium
1131 2025 1292 2092 Calenum

270 2126 408 2211 legatum
428 2125 575 2210 praeficit.
619 2124 680 2188 hoc
701 2124 768 2188 eius
790 2124 981 2208 praescripto
1007 2146 1046 2187 ex
1067 2122 1228 2208 Hispania
1248 2123 1292 2187 ad

271 2217 391 2283 Varum
416 2218 532 2282 flumen
557 2226 606 2282 est
631 2217 688 2282 iter
713 2216 845 2295 factum,
876 2227 970 2301 atquc
994 2217 1039 2282 ibi
1068 2215 1189 2298 reliqua
1215 2239 1291 2303 pars

271 2312 423 2376 exercitus
442 2311 571 2378 dimissa
589 2320 645 2376 est

674 2477 882 2486 ...—

572 2596 606 2657 0.
627 2596 750 2657 IULII
773 2594 986 2656 CAESARIS

447 2729 536 2812 DE
583 2729 815 2811 BELLO
864 2727 1104 2809 CIVILI

515 2883 807 2935 COMMENTARIUS
831 2883 1037 2935 SECUNDUS.

671 3040 877 3081 ARGUMENTUM.

318 3117 342 3170 1.
365 3117 500 3168 Massiliae
517 3119 682 3185 oppupnau'o.
727 3115 887 3169 Trebonius
906 3115 1018 3185 legatus
1037 3115 1146 3168 duabus
1166 3131 1201 3169 ex
1221 3134 1288 3186 par·

267 3193 343 3245 tibus
365 3191 566 3244 munitionibus
590 3193 688 3246 urbem
716 3192 829 3260 cingere
857 3192 992 3260 instituit,
1023 3191 1123 3245 incolis
1147 3190 1288 3247 Nasidius

267 3285 330 3320 cum
348 3267 438 3320 classe
456 3267 609 3321 adveniens
627 3267 748 3321 animum
766 3268 845 3320 addit
863 3268 981 3336 c.1-4‚
1000 3269 1050 3322 sed
1064 3268 1157 3322 navali
1171 3271 1287 3338 proelio

267 3343 392 3412 superati
407 3349 435 3396 et
447 3343 591 3397 machinas
601 3343 737 3398 'l'rebonii
752 3345 861 3398 diruere
875 3344 980 3399 frustra
993 3345 1085 3398 adorti
1096 3344 1223 3399 indutias
1238 3365 1288 3416 pc-

266 3424 342 3487 tunt,
357 3418 519 3488 impetratas
530 3420 675 3489 eruptione
684 3419 762 3474 facta
771 3420 891 3487 violant,
906 3420 1041 3474 Trebonii
1052 3437 1138 3490 opera
1148 3421 1288 3478 disiciunt

266 3493 397 3564 cli-14,
417 3495 518 3565 quibus
529 3495 584 3549 cito
594 3496 731 3566 reparatis
745 3497 834 3552 territi
846 3498 882 3549 ad
897 3498 1009 3551 casdem
1024 3495 1175 3550 deditionis
1185 3500 1285 3552 condi·

266 3574 360 3627 cioncs
379 3578 524 3627 recurrunt
543 3589 566 3626 c.
582 3573 689 3627 15-16.
724 3572 762 3627 11.
780 3574 819 3627 Μ.
840 3576 924 3628 Varro
943 3573 972 3627 in
989 3572 1122 3627 ulteriore
1140 3572 1288 3643 Hispania

265 3649 386 3719 cognitis
404 3649 488 3702 rebus
502 3666 519 3703 a
533 3647 653 3704 Caesare
666 3649 695 3703 iu
709 3649 793 3704 Italia
806 3650 927 3704 feliciter
944 3649 1032 3719 gestis
1051 3648 1180 3702 diffidens
1194 3651 1286 3706 rebus

263 3723 443 3794 Pompeianis
461 3725 498 3779 ad
518 3724 666 3780 Caesarem
683 3727 865 3781 inclinaturus
883 3727 1005 3794 videtur,
1025 3727 1076 3780 sed
1092 3726 1142 3779 ubi
1161 3742 1227 3780 cum
1246 3730 1286 3782 ad

263 3802 418 3856 Massiliam
432 3802 550 3856 detineri
562 3803 681 3872 audivit,
702 3804 807 3857 bellum
820 3809 914 3871 parat3
932 3820 1025 3856 verum
1040 3803 1076 3856 ab
1091 3802 1222 3856 omuibus
1233 3805 1284 3858 de-

264 3886 355 3933 sertus
373 3885 402 3932 et
418 3879 586 3933 interclusus
605 3879 705 3933 itinere
724 3878 839 3934 Caesari
857 3879 997 3949 legionem
1014 3878 1112 3945 tradit,
1137 3879 1186 3950 qui
1205 3881 1284 3934 omni

263 3954 402 4025 Hispania
414 3961 528 4025 recepta
537 3954 691 4008 Massiliam
704 3956 833 4024 pervenit
846 3955 941 4024 ibique
956 3972 985 4009 sa
995 3954 1101 4008 Romae
1112 3953 1284 4010 dictatorem

264 4030 368 4084 dictum
377 4047 439 4085 esse
450 4031 604 4100 cognoscit
635 4031 859 4085 Massiliensibus
869 4032 897 4084 in
908 4030 1079 4084 deditionem
1088 4031 1215 4100 acceptis
1224 4032 1283 4088 Ro-

262 4123 335 4161 mam
344 4106 532 4177 proficiscitur
540 4125 565 4162 c.
577 4108 685 4162 17-22.
713 4107 764 4163 111.
781 4109 859 4161 Curio
869 4110 896 4160 in
905 4107 1024 4174 Apicum
1033 4110 1170 4161 exercitum
1180 4111 1284 4164 traicit:

262 4183 380 4251 primum
396 4183 518 4239 feliciter
535 4185 572 4239 ad
586 4185 696 4241 Uticam
714 4201 773 4238 rom
792 4190 890 4239 contra
907 4184 1013 4238 Varum
1032 4185 1118 4253 gerit,
1143 4185 1195 4239 scd
1214 4203 1283 4241 mox

262 4259 370 4326 proelio
381 4261 418 4313 ad
426 4261 585 4331 Bagradam
599 4268 703 4316 temere
718 4262 865 4317 commisso
881 4261 983 4316 aVaro
998 4267 1027 4315 et
1036 4260 1173 4329 Saburra,
1192 4262 1282 4319 Iubae

263 4334 415 4403 praesecto,
423 4336 513 4391 victus
523 4338 696 4393 interficitur.
715 4338 853 4392 exercitus
863 4337 998 4407 reliquiac
1007 4338 1107 4407 partim
1117 4337 1283 4394 inSiciliam

262 4410 1281 4480 redeuntpartimVarosededuutmultoslubainterficiiubetc.23-44„

313 4484 393 4540 Haec
406 4494 489 4556 gesta
502 4496 569 4544 sunt
582 4492 682 4546 eodem
699 4508 783 4563 anno,
807 4509 862 4561 quo
881 4508 954 4561 quae
972 4491 1061 4561 primo
1076 4491 1280 4548 commentario

262 4568 457 4618 narratasunt.
