<?xml version="1.0" encoding="UTF-8"?>
<!DOCTYPE html PUBLIC "-//W3C//DTD XHTML 1.0 Transitional//EN"
    "http://www.w3.org/TR/xhtml1/DTD/xhtml1-transitional.dtd">
<html xmlns="http://www.w3.org/1999/xhtml" xml:lang="en" lang="en">
 <head>
  <title>
</title>
<meta http-equiv="Content-Type" content="text/html;charset=utf-8" />
  <meta name='ocr-system' content='tesseract 3.04.00' />
  <meta name='ocr-capabilities' content='ocr_page ocr_carea ocr_par ocr_line ocrx_word'/>
</head>
<body>
  <div class='ocr_page' id='page_1' title='image "./ciuliicaesarisc03krangoog_0253.png"; bbox 0 0 2692 5206; ppageno 0'>
   <div class='ocr_carea' id='block_1_1' title="bbox 495 790 1136 859">
    <p class='ocr_par' dir='ltr' id='par_1_1' title="bbox 495 790 1136 859">
     <span class='ocr_line' id='line_1_1' title="bbox 495 790 1136 859; baseline -0.003 -3"><span class='ocrx_word' id='word_1_1' title='bbox 495 799 613 856; x_wconf 84' lang='lat' dir='ltr'>COllM.</span> <span class='ocrx_word' id='word_1_2' title='bbox 633 802 656 856; x_wconf 91' lang='lat'>1.</span> <span class='ocrx_word' id='word_1_3' title='bbox 674 802 758 859; x_wconf 86' lang='grc'>5-8.</span> <span class='ocrx_word' id='word_1_4' title='bbox 1076 790 1136 855; x_wconf 85' lang='grc'>181</span> 
     </span>
    </p>
   </div>
   <div class='ocr_carea' id='block_1_2' title="bbox 144 918 1139 1008">
    <p class='ocr_par' dir='ltr' id='par_1_2' title="bbox 144 918 1139 1008">
     <span class='ocr_line' id='line_1_2' title="bbox 144 918 1139 1008; baseline 0.002 -20"><span class='ocrx_word' id='word_1_5' title='bbox 144 920 245 988; x_wconf 75' lang='lat' dir='ltr'>obvenit</span> <span class='ocrx_word' id='word_1_6' title='bbox 263 918 370 1008; x_wconf 85' lang='lat' dir='ltr'>Syria,</span> <span class='ocrx_word' id='word_1_7' title='bbox 397 923 439 987; x_wconf 89' lang='lat' dir='ltr'>L.</span> <span class='ocrx_word' id='word_1_8' title='bbox 456 923 597 989; x_wconf 90' lang='lat' dir='ltr'>Domitio</span> <span class='ocrx_word' id='word_1_9' title='bbox 621 922 737 991; x_wconf 87' lang='lat' dir='ltr'>Gallia:</span> <span class='ocrx_word' id='word_1_10' title='bbox 764 925 894 991; x_wconf 83' lang='lat' dir='ltr'>Paullus</span> <span class='ocrx_word' id='word_1_11' title='bbox 917 936 948 992; x_wconf 87' lang='lat' dir='ltr'>ct</span> <span class='ocrx_word' id='word_1_12' title='bbox 969 926 1139 992; x_wconf 79' lang='lat' dir='ltr'>Marcellus</span> 
     </span>
    </p>
   </div>
   <div class='ocr_carea' id='block_1_3' title="bbox 141 1017 1254 3732">
    <p class='ocr_par' dir='ltr' id='par_1_3' title="bbox 145 1017 1141 1293">
     <span class='ocr_line' id='line_1_3' title="bbox 145 1017 1141 1102; baseline 0.005 -22"><span class='ocrx_word' id='word_1_13' title='bbox 145 1017 238 1100; x_wconf 80' lang='lat' dir='ltr'>privato</span> <span class='ocrx_word' id='word_1_14' title='bbox 260 1017 390 1082; x_wconf 87' lang='lat' dir='ltr'>consilio</span> <span class='ocrx_word' id='word_1_15' title='bbox 411 1028 660 1102; x_wconf 87' lang='lat' dir='ltr'>praetereuntur,</span> <span class='ocrx_word' id='word_1_16' title='bbox 687 1041 788 1102; x_wconf 89' lang='lat' dir='ltr'>neque</span> <span class='ocrx_word' id='word_1_17' title='bbox 815 1042 921 1084; x_wconf 90' lang='lat' dir='ltr'>eorum</span> <span class='ocrx_word' id='word_1_18' title='bbox 949 1031 1048 1086; x_wconf 89' lang='lat' dir='ltr'>sortes</span> <span class='ocrx_word' id='word_1_19' title='bbox 1074 1020 1141 1085; x_wconf 92' lang='lat' dir='ltr'>dei-</span> 
     </span>
     <span class='ocr_line' id='line_1_4' title="bbox 148 1110 1140 1198; baseline 0.005 -25"><span class='ocrx_word' id='word_1_20' title='bbox 148 1110 249 1174; x_wconf 86' lang='lat' dir='ltr'>ciuntur.</span> <span class='ocrx_word' id='word_1_21' title='bbox 276 1111 309 1174; x_wconf 92' lang='lat' dir='ltr'>in</span> <span class='ocrx_word' id='word_1_22' title='bbox 327 1111 462 1194; x_wconf 87' lang='lat' dir='ltr'>reliquas</span> <span class='ocrx_word' id='word_1_23' title='bbox 479 1112 656 1197; x_wconf 87' lang='lat' dir='ltr'>provincias</span> <span class='ocrx_word' id='word_1_24' title='bbox 674 1124 831 1197; x_wconf 88' lang='lat' dir='ltr'>praetores</span> <span class='ocrx_word' id='word_1_25' title='bbox 845 1114 1016 1178; x_wconf 88' lang='lat' dir='ltr'>mittuntur.</span> <span class='ocrx_word' id='word_1_26' title='bbox 1038 1136 1140 1198; x_wconf 90' lang='lat' dir='ltr'>neque</span> 
     </span>
     <span class='ocr_line' id='line_1_5' title="bbox 148 1202 1141 1293; baseline 0.006 -27"><span class='ocrx_word' id='word_1_27' title='bbox 148 1214 315 1289; x_wconf 83' lang='lat' dir='ltr'>exspectant,</span> <span class='ocrx_word' id='word_1_28' title='bbox 350 1202 449 1290; x_wconf 91' lang='lat' dir='ltr'>[quod</span> <span class='ocrx_word' id='word_1_29' title='bbox 471 1206 682 1291; x_wconf 87' lang='lat' dir='ltr'>superioribus</span> <span class='ocrx_word' id='word_1_30' title='bbox 710 1208 800 1271; x_wconf 80' lang='lat' dir='ltr'>anrus</span> <span class='ocrx_word' id='word_1_31' title='bbox 826 1205 1013 1293; x_wconf 88' lang='lat' dir='ltr'>acciderat,]</span> <span class='ocrx_word' id='word_1_32' title='bbox 1040 1218 1076 1272; x_wconf 91' lang='lat' dir='ltr'>ut</span> <span class='ocrx_word' id='word_1_33' title='bbox 1101 1208 1141 1272; x_wconf 93' lang='lat' dir='ltr'>de</span> 
     </span>
    </p>

    <p class='ocr_par' dir='ltr' id='par_1_4' title="bbox 149 1298 1142 1384">
     <span class='ocr_line' id='line_1_6' title="bbox 149 1298 1142 1384; baseline 0.005 -24"><span class='ocrx_word' id='word_1_34' title='bbox 149 1316 228 1361; x_wconf 88' lang='lat' dir='ltr'>eorum</span> <span class='ocrx_word' id='word_1_35' title='bbox 243 1298 373 1383; x_wconf 87' lang='lat' dir='ltr'>imperio</span> <span class='ocrx_word' id='word_1_36' title='bbox 391 1298 430 1362; x_wconf 86' lang='lat' dir='ltr'>ad</span> <span class='ocrx_word' id='word_1_37' title='bbox 448 1299 598 1384; x_wconf 78' lang='lat' dir='ltr'>poptdum</span> <span class='ocrx_word' id='word_1_38' title='bbox 611 1299 736 1376; x_wconf 86' lang='lat' dir='ltr'>seratur,</span> <span class='ocrx_word' id='word_1_39' title='bbox 755 1299 955 1384; x_wconf 80' lang='lat' dir='ltr'>paludatique</span> <span class='ocrx_word' id='word_1_40' title='bbox 967 1300 1048 1366; x_wconf 86' lang='lat' dir='ltr'>votis</span> <span class='ocrx_word' id='word_1_41' title='bbox 1062 1323 1142 1365; x_wconf 87' lang='lat' dir='ltr'>nun-</span> 
     </span>
    </p>

    <p class='ocr_par' dir='ltr' id='par_1_5' title="bbox 148 1392 1142 1571">
     <span class='ocr_line' id='line_1_7' title="bbox 149 1392 1142 1484; baseline 0.006 -31"><span class='ocrx_word' id='word_1_42' title='bbox 149 1392 241 1475; x_wconf 84' lang='lat' dir='ltr'>cupatis</span> <span class='ocrx_word' id='word_1_43' title='bbox 263 1402 388 1457; x_wconf 88' lang='lat' dir='ltr'>exeunt.</span> <span class='ocrx_word' id='word_1_44' title='bbox 434 1392 593 1471; x_wconf 89' lang='lat' dir='ltr'>consules,</span> <span class='ocrx_word' id='word_1_45' title='bbox 621 1395 706 1478; x_wconf 92' lang='lat' dir='ltr'>quod</span> <span class='ocrx_word' id='word_1_46' title='bbox 728 1405 799 1458; x_wconf 89' lang='lat' dir='ltr'>ante</span> <span class='ocrx_word' id='word_1_47' title='bbox 824 1394 857 1458; x_wconf 91' lang='lat' dir='ltr'>id</span> <span class='ocrx_word' id='word_1_48' title='bbox 880 1404 1003 1484; x_wconf 87' lang='lat' dir='ltr'>tempus</span> <span class='ocrx_word' id='word_1_49' title='bbox 1029 1395 1142 1459; x_wconf 91' lang='lat' dir='ltr'>accidit</span> 
     </span>
     <span class='ocr_line' id='line_1_8' title="bbox 148 1485 1141 1571; baseline 0.006 -25"><span class='ocrx_word' id='word_1_50' title='bbox 148 1505 304 1568; x_wconf 87' lang='lat' dir='ltr'>nunquam,</span> <span class='ocrx_word' id='word_1_51' title='bbox 332 1508 371 1550; x_wconf 82' lang='lat' dir='ltr'>ex</span> <span class='ocrx_word' id='word_1_52' title='bbox 393 1485 469 1550; x_wconf 94' lang='lat' dir='ltr'>urbe</span> <span class='ocrx_word' id='word_1_53' title='bbox 490 1487 742 1571; x_wconf 89' lang='lat' dir='ltr'>proficiscuntur,</span> <span class='ocrx_word' id='word_1_54' title='bbox 769 1487 954 1571; x_wconf 80' lang='lat' dir='ltr'>lictoresque</span> <span class='ocrx_word' id='word_1_55' title='bbox 976 1485 1141 1552; x_wconf 88' lang='lat' dir='ltr'>habentia</span> 
     </span>
    </p>

    <p class='ocr_par' dir='ltr' id='par_1_6' title="bbox 149 1576 1254 1947">
     <span class='ocr_line' id='line_1_9' title="bbox 149 1576 1254 1667; baseline 0.009 -27"><span class='ocrx_word' id='word_1_56' title='bbox 149 1576 203 1642; x_wconf 88' lang='lat' dir='ltr'>urbe</span> <span class='ocrx_word' id='word_1_57' title='bbox 218 1592 245 1643; x_wconf 90' lang='lat' dir='ltr'>et</span> <span class='ocrx_word' id='word_1_58' title='bbox 259 1578 416 1664; x_wconf 89' lang='lat' dir='ltr'>Capitolio</span> <span class='ocrx_word' id='word_1_59' title='bbox 434 1581 546 1665; x_wconf 88' lang='lat' dir='ltr'>privati</span> <span class='ocrx_word' id='word_1_60' title='bbox 564 1591 672 1646; x_wconf 89' lang='lat' dir='ltr'>contra</span> <span class='ocrx_word' id='word_1_61' title='bbox 689 1582 794 1646; x_wconf 89' lang='lat' dir='ltr'>omnia</span> <span class='ocrx_word' id='word_1_62' title='bbox 811 1582 974 1646; x_wconf 86' lang='lat' dir='ltr'>vetustatis</span> <span class='ocrx_word' id='word_1_63' title='bbox 988 1582 1140 1667; x_wconf 90' lang='lat' dir='ltr'>exempla.</span> <span class='ocrx_word' id='word_1_64' title='bbox 1251 1644 1254 1650; x_wconf 89' lang='lat'>.</span> 
     </span>
     <span class='ocr_line' id='line_1_10' title="bbox 149 1673 1142 1761; baseline 0.008 -28"><span class='ocrx_word' id='word_1_65' title='bbox 149 1679 195 1736; x_wconf 82' lang='lat' dir='ltr'>tota</span> <span class='ocrx_word' id='word_1_66' title='bbox 206 1673 292 1738; x_wconf 84' lang='lat' dir='ltr'>Italia</span> <span class='ocrx_word' id='word_1_67' title='bbox 311 1673 450 1738; x_wconf 88' lang='lat' dir='ltr'>delectus</span> <span class='ocrx_word' id='word_1_68' title='bbox 469 1674 635 1751; x_wconf 87' lang='lat' dir='ltr'>habentur,</span> <span class='ocrx_word' id='word_1_69' title='bbox 658 1699 745 1741; x_wconf 90' lang='lat' dir='ltr'>arma</span> <span class='ocrx_word' id='word_1_70' title='bbox 762 1675 965 1760; x_wconf 84' lang='lat' dir='ltr'>imperantur3</span> <span class='ocrx_word' id='word_1_71' title='bbox 991 1676 1142 1761; x_wconf 82' lang='lat' dir='ltr'>pecuniae</span> 
     </span>
     <span class='ocr_line' id='line_1_11' title="bbox 149 1767 1143 1853; baseline 0.007 -26"><span class='ocrx_word' id='word_1_72' title='bbox 149 1767 341 1851; x_wconf 81' lang='lat' dir='ltr'>anunicipiis</span> <span class='ocrx_word' id='word_1_73' title='bbox 368 1769 548 1853; x_wconf 85' lang='lat' dir='ltr'>exiguntur,</span> <span class='ocrx_word' id='word_1_74' title='bbox 576 1791 593 1833; x_wconf 93' lang='lat' dir='ltr'>e</span> <span class='ocrx_word' id='word_1_75' title='bbox 616 1768 697 1833; x_wconf 83' lang='lat' dir='ltr'>fanis</span> <span class='ocrx_word' id='word_1_76' title='bbox 719 1767 880 1834; x_wconf 89' lang='lat' dir='ltr'>tolluntur:</span> <span class='ocrx_word' id='word_1_77' title='bbox 908 1769 1012 1832; x_wconf 89' lang='lat' dir='ltr'>omnia</span> <span class='ocrx_word' id='word_1_78' title='bbox 1037 1769 1143 1834; x_wconf 90' lang='lat' dir='ltr'>divina</span> 
     </span>
     <span class='ocr_line' id='line_1_12' title="bbox 149 1855 653 1947; baseline 0.012 -27"><span class='ocrx_word' id='word_1_79' title='bbox 149 1855 317 1945; x_wconf 86' lang='lat' dir='ltr'>humanaque</span> <span class='ocrx_word' id='word_1_80' title='bbox 334 1861 403 1926; x_wconf 90' lang='lat' dir='ltr'>iura</span> <span class='ocrx_word' id='word_1_81' title='bbox 419 1863 653 1947; x_wconf 85' lang='lat' dir='ltr'>permiscentur.</span> 
     </span>
    </p>

    <p class='ocr_par' dir='ltr' id='par_1_7' title="bbox 149 1953 1174 2700">
     <span class='ocr_line' id='line_1_13' title="bbox 194 1953 1174 2042; baseline 0.005 -23"><span class='ocrx_word' id='word_1_82' title='bbox 194 1953 308 2036; x_wconf 79' lang='lat' dir='ltr'>Quibus</span> <span class='ocrx_word' id='word_1_83' title='bbox 321 1955 416 2020; x_wconf 87' lang='lat' dir='ltr'>rebus</span> <span class='ocrx_word' id='word_1_84' title='bbox 432 1957 565 2042; x_wconf 85' lang='lat' dir='ltr'>cognitis</span> <span class='ocrx_word' id='word_1_85' title='bbox 576 1955 695 2021; x_wconf 85' lang='lat' dir='ltr'>Caesar</span> <span class='ocrx_word' id='word_1_86' title='bbox 708 1957 792 2042; x_wconf 91' lang='lat' dir='ltr'>apud</span> <span class='ocrx_word' id='word_1_87' title='bbox 805 1956 918 2022; x_wconf 85' lang='lat' dir='ltr'>milites</span> <span class='ocrx_word' id='word_1_88' title='bbox 937 1957 1139 2023; x_wconf 88' lang='lat' dir='ltr'>contionatur.</span> <span class='ocrx_word' id='word_1_89' title='bbox 1160 1980 1174 2024; x_wconf 82' lang='lat' dir='ltr'>r</span> 
     </span>
     <span class='ocr_line' id='line_1_14' title="bbox 149 2049 1140 2134; baseline 0.005 -23"><span class='ocrx_word' id='word_1_90' title='bbox 149 2049 258 2113; x_wconf 87' lang='lat' dir='ltr'>omnium</span> <span class='ocrx_word' id='word_1_91' title='bbox 275 2060 451 2134; x_wconf 91' lang='lat' dir='ltr'>temporum</span> <span class='ocrx_word' id='word_1_92' title='bbox 464 2050 591 2114; x_wconf 84' lang='lat' dir='ltr'>iniurias</span> <span class='ocrx_word' id='word_1_93' title='bbox 605 2051 800 2115; x_wconf 91' lang='lat' dir='ltr'>inimicorum</span> <span class='ocrx_word' id='word_1_94' title='bbox 813 2052 846 2114; x_wconf 92' lang='lat' dir='ltr'>in</span> <span class='ocrx_word' id='word_1_95' title='bbox 859 2074 893 2116; x_wconf 89' lang='lat' dir='ltr'>se</span> <span class='ocrx_word' id='word_1_96' title='bbox 907 2061 1140 2129; x_wconf 85' lang='lat' dir='ltr'>commemorat3</span> 
     </span>
     <span class='ocr_line' id='line_1_15' title="bbox 150 2143 1142 2230; baseline 0.003 -23"><span class='ocrx_word' id='word_1_97' title='bbox 150 2143 276 2225; x_wconf 73' lang='lat' dir='ltr'>equibus</span> <span class='ocrx_word' id='word_1_98' title='bbox 303 2144 472 2208; x_wconf 87' lang='lat' dir='ltr'>deductum</span> <span class='ocrx_word' id='word_1_99' title='bbox 498 2166 535 2209; x_wconf 85' lang='lat' dir='ltr'>ec</span> <span class='ocrx_word' id='word_1_100' title='bbox 561 2145 765 2230; x_wconf 90' lang='lat' dir='ltr'>depravatum</span> <span class='ocrx_word' id='word_1_101' title='bbox 790 2144 978 2230; x_wconf 88' lang='lat' dir='ltr'>Pompeium</span> <span class='ocrx_word' id='word_1_102' title='bbox 1003 2145 1142 2229; x_wconf 88' lang='lat' dir='ltr'>queritur</span> 
     </span>
     <span class='ocr_line' id='line_1_16' title="bbox 150 2230 1141 2324; baseline 0.007 -28"><span class='ocrx_word' id='word_1_103' title='bbox 150 2230 346 2320; x_wconf 75' lang='lat' dir='ltr'>invidiamque</span> <span class='ocrx_word' id='word_1_104' title='bbox 364 2236 587 2302; x_wconf 85' lang='lat' dir='ltr'>obtrectatione</span> <span class='ocrx_word' id='word_1_105' title='bbox 604 2238 706 2303; x_wconf 90' lang='lat' dir='ltr'>laudis</span> <span class='ocrx_word' id='word_1_106' title='bbox 726 2260 815 2316; x_wconf 87' lang='lat' dir='ltr'>suae,</span> <span class='ocrx_word' id='word_1_107' title='bbox 838 2240 927 2303; x_wconf 89' lang='lat' dir='ltr'>cuius</span> <span class='ocrx_word' id='word_1_108' title='bbox 945 2238 1013 2324; x_wconf 91' lang='lat' dir='ltr'>ipse</span> <span class='ocrx_word' id='word_1_109' title='bbox 1031 2239 1141 2305; x_wconf 90' lang='lat' dir='ltr'>honori</span> 
     </span>
     <span class='ocr_line' id='line_1_17' title="bbox 151 2329 1141 2416; baseline 0.004 -24"><span class='ocrx_word' id='word_1_110' title='bbox 151 2329 316 2416; x_wconf 84' lang='lat' dir='ltr'>otdignitati</span> <span class='ocrx_word' id='word_1_111' title='bbox 338 2353 461 2416; x_wconf 87' lang='lat' dir='ltr'>semper</span> <span class='ocrx_word' id='word_1_112' title='bbox 482 2331 595 2396; x_wconf 83' lang='lat' dir='ltr'>faverit</span> <span class='ocrx_word' id='word_1_113' title='bbox 616 2333 702 2398; x_wconf 86' lang='lat' dir='ltr'>adiut</span> <span class='ocrx_word' id='word_1_114' title='bbox 689 2342 798 2416; x_wconf 85' lang='lat' dir='ltr'>torque</span> <span class='ocrx_word' id='word_1_115' title='bbox 824 2332 925 2397; x_wconf 78' lang='lat' dir='ltr'>fuerit</span> <span class='ocrx_word' id='word_1_116' title='bbox 965 2355 1083 2398; x_wconf 91' lang='lat' dir='ltr'>novum</span> <span class='ocrx_word' id='word_1_117' title='bbox 1108 2334 1141 2397; x_wconf 92' lang='lat' dir='ltr'>in</span> 
     </span>
     <span class='ocr_line' id='line_1_18' title="bbox 151 2422 1141 2511; baseline 0.004 -24"><span class='ocrx_word' id='word_1_118' title='bbox 151 2422 279 2505; x_wconf 75' lang='lat' dir='ltr'>emblica</span> <span class='ocrx_word' id='word_1_119' title='bbox 299 2424 511 2489; x_wconf 88' lang='lat' dir='ltr'>introductum</span> <span class='ocrx_word' id='word_1_120' title='bbox 533 2425 711 2511; x_wconf 84' lang='lat' dir='ltr'>exemplum</span> <span class='ocrx_word' id='word_1_121' title='bbox 737 2426 890 2510; x_wconf 88' lang='lat' dir='ltr'>queritur,</span> <span class='ocrx_word' id='word_1_122' title='bbox 917 2436 952 2489; x_wconf 93' lang='lat' dir='ltr'>ut</span> <span class='ocrx_word' id='word_1_123' title='bbox 977 2426 1141 2491; x_wconf 85' lang='lat' dir='ltr'>tribunicia</span> 
     </span>
     <span class='ocr_line' id='line_1_19' title="bbox 150 2508 1142 2605; baseline 0.005 -27"><span class='ocrx_word' id='word_1_124' title='bbox 150 2508 299 2583; x_wconf 79' lang='lat' dir='ltr'>intercessio</span> <span class='ocrx_word' id='word_1_125' title='bbox 317 2519 412 2583; x_wconf 87' lang='lat' dir='ltr'>armis</span> <span class='ocrx_word' id='word_1_126' title='bbox 430 2529 588 2584; x_wconf 88' lang='lat' dir='ltr'>notaretur</span> <span class='ocrx_word' id='word_1_127' title='bbox 605 2534 698 2605; x_wconf 89' lang='lat' dir='ltr'>atque</span> <span class='ocrx_word' id='word_1_128' title='bbox 716 2520 941 2605; x_wconf 79' lang='lat' dir='ltr'>opprimeretur</span> <span class='ocrx_word' id='word_1_129' title='bbox 960 2517 1071 2605; x_wconf 89' lang='lat' dir='ltr'>[,quae</span> <span class='ocrx_word' id='word_1_130' title='bbox 1089 2542 1142 2584; x_wconf 90' lang='lat' dir='ltr'>su-</span> 
     </span>
     <span class='ocr_line' id='line_1_20' title="bbox 151 2609 1142 2700; baseline 0.004 -25"><span class='ocrx_word' id='word_1_131' title='bbox 151 2609 291 2688; x_wconf 77' lang='lat' dir='ltr'>ptn&#39;oribus</span> <span class='ocrx_word' id='word_1_132' title='bbox 317 2614 406 2678; x_wconf 89' lang='lat' dir='ltr'>annis</span> <span class='ocrx_word' id='word_1_133' title='bbox 434 2614 528 2679; x_wconf 88' lang='lat' dir='ltr'>armis</span> <span class='ocrx_word' id='word_1_134' title='bbox 555 2624 639 2681; x_wconf 85' lang='lat' dir='ltr'>esset</span> <span class='ocrx_word' id='word_1_135' title='bbox 664 2613 832 2700; x_wconf 68' lang='lat' dir='ltr'>restituta}</span> <span class='ocrx_word' id='word_1_136' title='bbox 878 2612 999 2679; x_wconf 89' lang='lat' dir='ltr'>Sullam</span> <span class='ocrx_word' id='word_1_137' title='bbox 1024 2615 1142 2679; x_wconf 85' lang='lat' dir='ltr'>nudata</span> 
     </span>
    </p>

    <p class='ocr_par' dir='ltr' id='par_1_8' title="bbox 141 2704 1143 3732">
     <span class='ocr_line' id='line_1_21' title="bbox 150 2704 1142 2793; baseline 0 -23"><span class='ocrx_word' id='word_1_138' title='bbox 150 2704 262 2771; x_wconf 74' lang='lat' dir='ltr'>omnibus</span> <span class='ocrx_word' id='word_1_139' title='bbox 286 2706 381 2771; x_wconf 88' lang='lat' dir='ltr'>rebus</span> <span class='ocrx_word' id='word_1_140' title='bbox 404 2707 567 2773; x_wconf 86' lang='lat' dir='ltr'>tribunicia</span> <span class='ocrx_word' id='word_1_141' title='bbox 588 2718 741 2793; x_wconf 88' lang='lat' dir='ltr'>potestate</span> <span class='ocrx_word' id='word_1_142' title='bbox 763 2719 867 2772; x_wconf 84' lang='lat' dir='ltr'>tamen</span> <span class='ocrx_word' id='word_1_143' title='bbox 889 2708 1142 2772; x_wconf 88' lang='lat' dir='ltr'>intercessionem</span> 
     </span>
     <span class='ocr_line' id='line_1_22' title="bbox 150 2789 1142 2887; baseline 0.005 -26.077"><span class='ocrx_word' id='word_1_144' title='bbox 150 2789 248 2864; x_wconf 85' lang='lat' dir='ltr'>beram</span> <span class='ocrx_word' id='word_1_145' title='bbox 256 2800 433 2884; x_wconf 89' lang='lat' dir='ltr'>rehqmsse</span> <span class='ocrx_word' id='word_1_146' title='bbox 451 2801 647 2887; x_wconf 88' lang='lat' dir='ltr'>Pompeium,</span> <span class='ocrx_word' id='word_1_147' title='bbox 662 2824 715 2885; x_wconf 83' lang='lat' dir='ltr'>qur</span> <span class='ocrx_word' id='word_1_148' title='bbox 725 2825 841 2866; x_wconf 77' lang='lat' dir='ltr'>amissa</span> <span class='ocrx_word' id='word_1_149' title='bbox 852 2801 1025 2866; x_wconf 80' lang='lat' dir='ltr'>restitursse</span> <span class='ocrx_word' id='word_1_150' title='bbox 1037 2801 1142 2866; x_wconf 83' lang='lat' dir='ltr'>v1dea·</span> 
     </span>
     <span class='ocr_line' id='line_1_23' title="bbox 150 2890 1143 2980; baseline 0.006 -27"><span class='ocrx_word' id='word_1_151' title='bbox 150 2892 189 2966; x_wconf 76' lang='lat' dir='ltr'>ter,</span> <span class='ocrx_word' id='word_1_152' title='bbox 205 2890 309 2980; x_wconf 83' lang='lat' dir='ltr'>[dona]</span> <span class='ocrx_word' id='word_1_153' title='bbox 325 2895 428 2972; x_wconf 87' lang='lat' dir='ltr'>etiam,</span> <span class='ocrx_word' id='word_1_154' title='bbox 446 2917 527 2978; x_wconf 91' lang='lat' dir='ltr'>quae</span> <span class='ocrx_word' id='word_1_155' title='bbox 541 2907 612 2960; x_wconf 87' lang='lat' dir='ltr'>ante</span> <span class='ocrx_word' id='word_1_156' title='bbox 626 2893 799 2971; x_wconf 91' lang='lat' dir='ltr'>habuerint,</span> <span class='ocrx_word' id='word_1_157' title='bbox 819 2895 983 2959; x_wconf 88' lang='lat' dir='ltr'>ademisse.</span> <span class='ocrx_word' id='word_1_158' title='bbox 1006 2894 1143 2978; x_wconf 89' lang='lat' dir='ltr'>quoties·</span> 
     </span>
     <span class='ocr_line' id='line_1_24' title="bbox 150 2988 1141 3075; baseline 0.002 -25"><span class='ocrx_word' id='word_1_159' title='bbox 150 2998 252 3070; x_wconf 73' lang='lat' dir='ltr'>tumque</span> <span class='ocrx_word' id='word_1_160' title='bbox 271 2989 312 3052; x_wconf 87' lang='lat' dir='ltr'>sit</span> <span class='ocrx_word' id='word_1_161' title='bbox 329 2988 498 3066; x_wconf 88' lang='lat' dir='ltr'>decretum,</span> <span class='ocrx_word' id='word_1_162' title='bbox 517 2990 627 3054; x_wconf 86' lang='lat' dir='ltr'>darent</span> <span class='ocrx_word' id='word_1_163' title='bbox 614 3001 770 3075; x_wconf 86' lang='lat' dir='ltr'>toperam</span> <span class='ocrx_word' id='word_1_164' title='bbox 783 2990 994 3075; x_wconf 82' lang='lat' dir='ltr'>magistratus,</span> <span class='ocrx_word' id='word_1_165' title='bbox 1012 2988 1141 3072; x_wconf 88' lang='lat' dir='ltr'>nequid</span> 
     </span>
     <span class='ocr_line' id='line_1_25' title="bbox 148 3081 1142 3169; baseline 0.003 -24"><span class='ocrx_word' id='word_1_166' title='bbox 148 3081 295 3164; x_wconf 76' lang='lat' dir='ltr'>republica</span> <span class='ocrx_word' id='word_1_167' title='bbox 317 3083 493 3147; x_wconf 87' lang='lat' dir='ltr'>detrimenti</span> <span class='ocrx_word' id='word_1_168' title='bbox 470 3095 640 3169; x_wconf 85' lang='lat' dir='ltr'>ttcapere</span> <span class='ocrx_word' id='word_1_169' title='bbox 665 3083 742 3168; x_wconf 85' lang='lat' dir='ltr'>(qua</span> <span class='ocrx_word' id='word_1_170' title='bbox 764 3105 841 3148; x_wconf 88' lang='lat' dir='ltr'>voce</span> <span class='ocrx_word' id='word_1_171' title='bbox 863 3094 977 3166; x_wconf 90' lang='lat' dir='ltr'>etque</span> <span class='ocrx_word' id='word_1_172' title='bbox 1000 3092 1142 3148; x_wconf 86' lang='lat' dir='ltr'>senatus·</span> 
     </span>
     <span class='ocr_line' id='line_1_26' title="bbox 148 3174 1142 3284; baseline 0.004 -47"><span class='ocrx_word' id='word_1_173' title='bbox 148 3174 261 3241; x_wconf 72' lang='lat' dir='ltr'>oculto</span> <span class='ocrx_word' id='word_1_174' title='bbox 277 3175 414 3284; x_wconf 85' lang='lat' dir='ltr'>populus</span> <span class='ocrx_word' id='word_1_175' title='bbox 432 3177 594 3242; x_wconf 88' lang='lat' dir='ltr'>Romanus</span> <span class='ocrx_word' id='word_1_176' title='bbox 612 3178 652 3242; x_wconf 88' lang='lat' dir='ltr'>ad</span> <span class='ocrx_word' id='word_1_177' title='bbox 670 3201 758 3242; x_wconf 90' lang='lat' dir='ltr'>arma</span> <span class='ocrx_word' id='word_1_178' title='bbox 781 3178 821 3242; x_wconf 87' lang='lat' dir='ltr'>sit</span> <span class='ocrx_word' id='word_1_179' title='bbox 839 3177 996 3261; x_wconf 90' lang='lat' dir='ltr'>vocatus),</span> <span class='ocrx_word' id='word_1_180' title='bbox 1023 3176 1142 3241; x_wconf 86' lang='lat' dir='ltr'>factum</span> 
     </span>
     <span class='ocr_line' id='line_1_27' title="bbox 146 3257 1142 3357; baseline 0.002 -24"><span class='ocrx_word' id='word_1_181' title='bbox 146 3257 168 3325; x_wconf 87' lang='lat' dir='ltr'>in</span> <span class='ocrx_word' id='word_1_182' title='bbox 179 3270 352 3351; x_wconf 87' lang='lat' dir='ltr'>perniciosis</span> <span class='ocrx_word' id='word_1_183' title='bbox 365 3270 525 3357; x_wconf 89' lang='lat' dir='ltr'>legibus,</span> <span class='ocrx_word' id='word_1_184' title='bbox 517 3296 548 3335; x_wconf 92' lang='lat' dir='ltr'>m</span> <span class='ocrx_word' id='word_1_185' title='bbox 563 3295 595 3335; x_wconf 83' lang='lat' dir='ltr'>vr</span> <span class='ocrx_word' id='word_1_186' title='bbox 586 3271 833 3348; x_wconf 76' lang='lat' dir='ltr'>tribuniciam</span> <span class='ocrx_word' id='word_1_187' title='bbox 847 3271 1022 3336; x_wconf 87' lang='lat' dir='ltr'>secessione</span> <span class='ocrx_word' id='word_1_188' title='bbox 1034 3271 1142 3357; x_wconf 90' lang='lat' dir='ltr'>populi</span> 
     </span>
     <span class='ocr_line' id='line_1_28' title="bbox 146 3360 1143 3470; baseline 0.005 -46"><span class='ocrx_word' id='word_1_189' title='bbox 146 3360 243 3470; x_wconf 76' lang='lat' dir='ltr'>templis</span> <span class='ocrx_word' id='word_1_190' title='bbox 265 3363 405 3448; x_wconf 90' lang='lat' dir='ltr'>locisque</span> <span class='ocrx_word' id='word_1_191' title='bbox 428 3365 609 3430; x_wconf 90' lang='lat' dir='ltr'>editioribus</span> <span class='ocrx_word' id='word_1_192' title='bbox 632 3366 804 3451; x_wconf 84' lang='lat' dir='ltr'>occupatis3</span> <span class='ocrx_word' id='word_1_193' title='bbox 831 3376 924 3449; x_wconf 89' lang='lat' dir='ltr'>atquc</span> <span class='ocrx_word' id='word_1_194' title='bbox 950 3365 1028 3429; x_wconf 88' lang='lat' dir='ltr'>haec</span> <span class='ocrx_word' id='word_1_195' title='bbox 1050 3387 1143 3450; x_wconf 88' lang='lat' dir='ltr'>supe-</span> 
     </span>
     <span class='ocr_line' id='line_1_29' title="bbox 144 3448 1143 3545; baseline 0.004 -28"><span class='ocrx_word' id='word_1_196' title='bbox 144 3448 210 3520; x_wconf 77' lang='lat' dir='ltr'>rioris</span> <span class='ocrx_word' id='word_1_197' title='bbox 227 3458 338 3522; x_wconf 81' lang='lat' dir='ltr'>aetatis</span> <span class='ocrx_word' id='word_1_198' title='bbox 351 3458 495 3544; x_wconf 84' lang='lat' dir='ltr'>exempla</span> <span class='ocrx_word' id='word_1_199' title='bbox 508 3460 632 3545; x_wconf 90' lang='lat' dir='ltr'>expiata</span> <span class='ocrx_word' id='word_1_200' title='bbox 647 3459 705 3524; x_wconf 87' lang='lat' dir='ltr'>Sat</span> <span class='ocrx_word' id='word_1_201' title='bbox 693 3460 808 3523; x_wconf 90' lang='lat' dir='ltr'>turnini</span> <span class='ocrx_word' id='word_1_202' title='bbox 821 3471 913 3542; x_wconf 91' lang='lat' dir='ltr'>atque</span> <span class='ocrx_word' id='word_1_203' title='bbox 929 3457 1143 3524; x_wconf 87' lang='lat' dir='ltr'>Gracchorum</span> 
     </span>
     <span class='ocr_line' id='line_1_30' title="bbox 143 3548 1141 3637; baseline 0.001 -24"><span class='ocrx_word' id='word_1_204' title='bbox 143 3548 246 3615; x_wconf 72' lang='lat' dir='ltr'>esibus</span> <span class='ocrx_word' id='word_1_205' title='bbox 267 3551 373 3630; x_wconf 85' lang='lat' dir='ltr'>docet3</span> <span class='ocrx_word' id='word_1_206' title='bbox 400 3575 532 3635; x_wconf 89' lang='lat' dir='ltr'>quarum</span> <span class='ocrx_word' id='word_1_207' title='bbox 556 3576 659 3617; x_wconf 91' lang='lat' dir='ltr'>rerum</span> <span class='ocrx_word' id='word_1_208' title='bbox 681 3553 734 3617; x_wconf 91' lang='lat' dir='ltr'>illo</span> <span class='ocrx_word' id='word_1_209' title='bbox 757 3563 894 3637; x_wconf 88' lang='lat' dir='ltr'>tempore</span> <span class='ocrx_word' id='word_1_210' title='bbox 916 3552 993 3616; x_wconf 91' lang='lat' dir='ltr'>nihil</span> <span class='ocrx_word' id='word_1_211' title='bbox 1014 3551 1141 3627; x_wconf 90' lang='lat' dir='ltr'>sactum,</span> 
     </span>
     <span class='ocr_line' id='line_1_31' title="bbox 141 3644 1142 3732; baseline 0.001 -26"><span class='ocrx_word' id='word_1_212' title='bbox 141 3656 169 3704; x_wconf 87' lang='lat' dir='ltr'>ne</span> <span class='ocrx_word' id='word_1_213' title='bbox 185 3645 353 3730; x_wconf 82' lang='lat' dir='ltr'>cogitatum</span> <span class='ocrx_word' id='word_1_214' title='bbox 375 3647 501 3730; x_wconf 87' lang='lat' dir='ltr'>quidem</span> <span class='ocrx_word' id='word_1_215' title='bbox 525 3644 552 3732; x_wconf 91' lang='grc'>[.</span> <span class='ocrx_word' id='word_1_216' title='bbox 544 3647 649 3711; x_wconf 88' lang='lat' dir='ltr'>·nulla</span> <span class='ocrx_word' id='word_1_217' title='bbox 672 3647 724 3711; x_wconf 86' lang='lat' dir='ltr'>lcx</span> <span class='ocrx_word' id='word_1_218' title='bbox 746 3646 957 3732; x_wconf 87' lang='lat' dir='ltr'>promulgata,</span> <span class='ocrx_word' id='word_1_219' title='bbox 986 3668 1049 3709; x_wconf 91' lang='lat' dir='ltr'>non</span> <span class='ocrx_word' id='word_1_220' title='bbox 1070 3666 1142 3709; x_wconf 93' lang='lat' dir='ltr'>cum</span> 
     </span>
    </p>
   </div>
   <div class='ocr_carea' id='block_1_4' title="bbox 123 3739 1177 4677">
    <p class='ocr_par' dir='ltr' id='par_1_9' title="bbox 123 3739 1177 4677">
     <span class='ocr_line' id='line_1_32' title="bbox 139 3739 1142 3852; baseline -0.005 -45"><span class='ocrx_word' id='word_1_221' title='bbox 139 3741 236 3842; x_wconf 84' lang='lat' dir='ltr'>populo</span> <span class='ocrx_word' id='word_1_222' title='bbox 253 3743 307 3852; x_wconf 82' lang='lat' dir='ltr'>agi</span> <span class='ocrx_word' id='word_1_223' title='bbox 324 3753 478 3829; x_wconf 90' lang='lat' dir='ltr'>coeptum,</span> <span class='ocrx_word' id='word_1_224' title='bbox 497 3744 583 3808; x_wconf 88' lang='lat' dir='ltr'>nulla</span> <span class='ocrx_word' id='word_1_225' title='bbox 601 3744 736 3809; x_wconf 87' lang='lat' dir='ltr'>secessio</span> <span class='ocrx_word' id='word_1_226' title='bbox 749 3740 858 3828; x_wconf 63' lang='lat' dir='ltr'>facta}</span> <span class='ocrx_word' id='word_1_227' title='bbox 886 3742 1035 3817; x_wconf 88' lang='lat' dir='ltr'>hortatur,</span> <span class='ocrx_word' id='word_1_228' title='bbox 1054 3739 1142 3805; x_wconf 91' lang='lat' dir='ltr'>cuius</span> 
     </span>
     <span class='ocr_line' id='line_1_33' title="bbox 138 3826 1143 3945; baseline 0.001 -49"><span class='ocrx_word' id='word_1_229' title='bbox 138 3826 315 3945; x_wconf 77' lang='lat' dir='ltr'>breperatoris</span> <span class='ocrx_word' id='word_1_230' title='bbox 326 3837 422 3902; x_wconf 89' lang='lat' dir='ltr'>ductu</span> <span class='ocrx_word' id='word_1_231' title='bbox 431 3837 533 3903; x_wconf 87' lang='lat' dir='ltr'>VIIII</span> <span class='ocrx_word' id='word_1_232' title='bbox 542 3839 632 3902; x_wconf 89' lang='lat' dir='ltr'>annis</span> <span class='ocrx_word' id='word_1_233' title='bbox 645 3836 870 3922; x_wconf 88' lang='lat' dir='ltr'>rempublicam</span> <span class='ocrx_word' id='word_1_234' title='bbox 884 3835 1063 3899; x_wconf 87' lang='lat' dir='ltr'>felicissime</span> <span class='ocrx_word' id='word_1_235' title='bbox 1071 3856 1143 3919; x_wconf 87' lang='lat' dir='ltr'>ges-</span> 
     </span>
     <span class='ocr_line' id='line_1_34' title="bbox 137 3925 1144 4018; baseline -0.003 -23"><span class='ocrx_word' id='word_1_236' title='bbox 137 3930 217 3996; x_wconf 81' lang='lat' dir='ltr'>anne</span> <span class='ocrx_word' id='word_1_237' title='bbox 224 3932 420 4018; x_wconf 80' lang='lat' dir='ltr'>plurimaque</span> <span class='ocrx_word' id='word_1_238' title='bbox 434 3933 550 4018; x_wconf 89' lang='lat' dir='ltr'>proelia</span> <span class='ocrx_word' id='word_1_239' title='bbox 563 3933 701 3998; x_wconf 91' lang='lat' dir='ltr'>secunda</span> <span class='ocrx_word' id='word_1_240' title='bbox 714 3932 854 4008; x_wconf 88' lang='lat' dir='ltr'>fecerint,</span> <span class='ocrx_word' id='word_1_241' title='bbox 873 3952 997 3996; x_wconf 91' lang='lat' dir='ltr'>omnem</span> <span class='ocrx_word' id='word_1_242' title='bbox 1007 3925 1144 3994; x_wconf 80' lang='lat' dir='ltr'>Gelliam</span> 
     </span>
     <span class='ocr_line' id='line_1_35' title="bbox 134 4018 1144 4112; baseline -0.005 -22"><span class='ocrx_word' id='word_1_243' title='bbox 134 4018 387 4110; x_wconf 82' lang='lat' dir='ltr'>Germaniamque</span> <span class='ocrx_word' id='word_1_244' title='bbox 405 4028 598 4112; x_wconf 87' lang='lat' dir='ltr'>pacaverint,</span> <span class='ocrx_word' id='word_1_245' title='bbox 621 4037 656 4090; x_wconf 91' lang='lat' dir='ltr'>nt</span> <span class='ocrx_word' id='word_1_246' title='bbox 673 4027 740 4091; x_wconf 91' lang='lat' dir='ltr'>eius</span> <span class='ocrx_word' id='word_1_247' title='bbox 762 4025 1025 4090; x_wconf 83' lang='lat' dir='ltr'>existimationem</span> <span class='ocrx_word' id='word_1_248' title='bbox 1042 4022 1144 4107; x_wconf 85' lang='lat' dir='ltr'>digni-</span> 
     </span>
     <span class='ocr_line' id='line_1_36' title="bbox 133 4115 1143 4204; baseline -0.005 -19"><span class='ocrx_word' id='word_1_249' title='bbox 133 4123 278 4204; x_wconf 77' lang='lat' dir='ltr'>tttcmque</span> <span class='ocrx_word' id='word_1_250' title='bbox 292 4119 334 4186; x_wconf 86' lang='lat' dir='ltr'>ab</span> <span class='ocrx_word' id='word_1_251' title='bbox 347 4121 480 4186; x_wconf 87' lang='lat' dir='ltr'>inimicis</span> <span class='ocrx_word' id='word_1_252' title='bbox 490 4120 668 4185; x_wconf 88' lang='lat' dir='ltr'>defendant.</span> <span class='ocrx_word' id='word_1_253' title='bbox 696 4119 891 4184; x_wconf 88' lang='lat' dir='ltr'>conclamant</span> <span class='ocrx_word' id='word_1_254' title='bbox 903 4117 1036 4203; x_wconf 87' lang='lat' dir='ltr'>legionis</span> <span class='ocrx_word' id='word_1_255' title='bbox 1044 4115 1143 4192; x_wconf 84' lang='lat' dir='ltr'>XIII,</span> 
     </span>
     <span class='ocr_line' id='line_1_37' title="bbox 131 4211 1143 4298; baseline -0.005 -19"><span class='ocrx_word' id='word_1_256' title='bbox 131 4232 200 4295; x_wconf 77' lang='lat' dir='ltr'>quae</span> <span class='ocrx_word' id='word_1_257' title='bbox 213 4214 331 4291; x_wconf 84' lang='lat' dir='ltr'>aderat,</span> <span class='ocrx_word' id='word_1_258' title='bbox 350 4214 462 4279; x_wconf 89' lang='lat' dir='ltr'>milites</span> <span class='ocrx_word' id='word_1_259' title='bbox 476 4215 572 4298; x_wconf 84' lang='lat' dir='ltr'>(hanc</span> <span class='ocrx_word' id='word_1_260' title='bbox 585 4214 668 4278; x_wconf 91' lang='lat' dir='ltr'>enim</span> <span class='ocrx_word' id='word_1_261' title='bbox 680 4214 768 4278; x_wconf 90' lang='lat' dir='ltr'>initio</span> <span class='ocrx_word' id='word_1_262' title='bbox 781 4211 932 4276; x_wconf 91' lang='lat' dir='ltr'>tumultus</span> <span class='ocrx_word' id='word_1_263' title='bbox 946 4221 1143 4287; x_wconf 83' lang='lat' dir='ltr'>evocaverat3</span> 
     </span>
     <span class='ocr_line' id='line_1_38' title="bbox 128 4305 1143 4393; baseline -0.004 -21"><span class='ocrx_word' id='word_1_264' title='bbox 128 4306 258 4393; x_wconf 82' lang='lat' dir='ltr'>reliquae</span> <span class='ocrx_word' id='word_1_265' title='bbox 274 4309 415 4373; x_wconf 91' lang='lat' dir='ltr'>nondum</span> <span class='ocrx_word' id='word_1_266' title='bbox 432 4310 606 4393; x_wconf 88' lang='lat' dir='ltr'>venerant):</span> <span class='ocrx_word' id='word_1_267' title='bbox 631 4330 700 4373; x_wconf 90' lang='lat' dir='ltr'>sese</span> <span class='ocrx_word' id='word_1_268' title='bbox 717 4318 843 4392; x_wconf 86' lang='lat' dir='ltr'>paratos</span> <span class='ocrx_word' id='word_1_269' title='bbox 861 4327 931 4370; x_wconf 88' lang='lat' dir='ltr'>esee</span> <span class='ocrx_word' id='word_1_270' title='bbox 948 4305 1143 4390; x_wconf 85' lang='lat' dir='ltr'>imperatoris</span> 
     </span>
     <span class='ocr_line' id='line_1_39' title="bbox 127 4398 1177 4488; baseline -0.004 -23"><span class='ocrx_word' id='word_1_271' title='bbox 127 4401 172 4466; x_wconf 84' lang='lat' dir='ltr'>eni</span> <span class='ocrx_word' id='word_1_272' title='bbox 188 4402 445 4486; x_wconf 89' lang='lat' dir='ltr'>tribunorumque</span> <span class='ocrx_word' id='word_1_273' title='bbox 462 4402 563 4488; x_wconf 88' lang='lat' dir='ltr'>plebis</span> <span class='ocrx_word' id='word_1_274' title='bbox 581 4402 709 4466; x_wconf 86' lang='lat' dir='ltr'>iniurias</span> <span class='ocrx_word' id='word_1_275' title='bbox 726 4401 903 4466; x_wconf 83' lang='lat' dir='ltr'>defendere.</span> <span class='ocrx_word' id='word_1_276' title='bbox 944 4399 1069 4485; x_wconf 88' lang='lat' dir='ltr'>cognita</span> <span class='ocrx_word' id='word_1_277' title='bbox 1086 4398 1144 4462; x_wconf 91' lang='lat' dir='ltr'>mi·</span> <span class='ocrx_word' id='word_1_278' title='bbox 1161 4414 1177 4461; x_wconf 78' lang='grc'><strong>8</strong></span> 
     </span>
     <span class='ocr_line' id='line_1_40' title="bbox 125 4492 1143 4579; baseline -0.003 -21"><span class='ocrx_word' id='word_1_279' title='bbox 125 4492 211 4560; x_wconf 90' lang='lat' dir='ltr'>litum</span> <span class='ocrx_word' id='word_1_280' title='bbox 237 4496 396 4561; x_wconf 84' lang='lat' dir='ltr'>voluntate</span> <span class='ocrx_word' id='word_1_281' title='bbox 423 4495 602 4560; x_wconf 86' lang='lat' dir='ltr'>Ariminum</span> <span class='ocrx_word' id='word_1_282' title='bbox 629 4518 700 4560; x_wconf 91' lang='lat' dir='ltr'>eum</span> <span class='ocrx_word' id='word_1_283' title='bbox 726 4519 764 4560; x_wconf 91' lang='lat' dir='ltr'>ea</span> <span class='ocrx_word' id='word_1_284' title='bbox 790 4493 913 4579; x_wconf 85' lang='lat' dir='ltr'>legione</span> <span class='ocrx_word' id='word_1_285' title='bbox 938 4492 1143 4579; x_wconf 84' lang='lat' dir='ltr'>proficiscitur</span> 
     </span>
     <span class='ocr_line' id='line_1_41' title="bbox 123 4585 1142 4677; baseline -0.008 -22"><span class='ocrx_word' id='word_1_286' title='bbox 123 4587 228 4676; x_wconf 87' lang='lat' dir='ltr'>ibique</span> <span class='ocrx_word' id='word_1_287' title='bbox 245 4590 385 4657; x_wconf 87' lang='lat' dir='ltr'>tribunos</span> <span class='ocrx_word' id='word_1_288' title='bbox 402 4590 514 4677; x_wconf 89' lang='lat' dir='ltr'>plebis,</span> <span class='ocrx_word' id='word_1_289' title='bbox 533 4590 587 4675; x_wconf 92' lang='lat' dir='ltr'>qui</span> <span class='ocrx_word' id='word_1_290' title='bbox 604 4591 645 4655; x_wconf 91' lang='lat' dir='ltr'>ad</span> <span class='ocrx_word' id='word_1_291' title='bbox 662 4612 734 4655; x_wconf 91' lang='lat' dir='ltr'>eum</span> <span class='ocrx_word' id='word_1_292' title='bbox 752 4589 965 4674; x_wconf 84' lang='lat' dir='ltr'>confugerant,</span> <span class='ocrx_word' id='word_1_293' title='bbox 984 4585 1142 4662; x_wconf 84' lang='lat' dir='ltr'>convenit3</span> 
     </span>
    </p>
   </div>
   <div class='ocr_carea' id='block_1_5' title="bbox 0 0 1350 5206">
    <p class='ocr_par' dir='ltr' id='par_1_10' title="bbox 0 0 1350 5206">
     <span class='ocr_line' id='line_1_42' title="bbox 0 0 1350 5206; baseline 0 1"><span class='ocrx_word' id='word_1_294' title='bbox 0 0 1350 5206; x_wconf 95' lang='lat' dir='ltr'> </span> 
     </span>
    </p>
   </div>
  </div>
 </body>
</html>
