<?xml version="1.0" encoding="UTF-8"?>
<!DOCTYPE html PUBLIC "-//W3C//DTD XHTML 1.0 Transitional//EN"
    "http://www.w3.org/TR/xhtml1/DTD/xhtml1-transitional.dtd">
<html xmlns="http://www.w3.org/1999/xhtml" xml:lang="en" lang="en">
 <head>
  <title>
</title>
<meta http-equiv="Content-Type" content="text/html;charset=utf-8" />
  <meta name='ocr-system' content='tesseract 3.04.00' />
  <meta name='ocr-capabilities' content='ocr_page ocr_carea ocr_par ocr_line ocrx_word'/>
</head>
<body>
  <div class='ocr_page' id='page_1' title='image "./ciuliicaesarisc03krangoog_0038.png"; bbox 0 0 2738 5272; ppageno 0'>
   <div class='ocr_carea' id='block_1_1' title="bbox 143 710 771 797">
    <p class='ocr_par' dir='ltr' id='par_1_1' title="bbox 143 710 771 797">
     <span class='ocr_line' id='line_1_1' title="bbox 143 710 771 797; baseline -0.005 0"><span class='ocrx_word' id='word_1_1' title='bbox 143 750 221 797; x_wconf 75' lang='lat' dir='ltr'><strong>XXX</strong></span> <span class='ocrx_word' id='word_1_2' title='bbox 482 710 485 716; x_wconf 71' lang='lat'>&#39;</span> <span class='ocrx_word' id='word_1_3' title='bbox 608 752 771 795; x_wconf 73' lang='lat' dir='ltr'>PRAEFATIO</span> 
     </span>
    </p>
   </div>
   <div class='ocr_carea' id='block_1_2' title="bbox 134 862 1244 4615">
    <p class='ocr_par' dir='ltr' id='par_1_2' title="bbox 134 862 1244 4615">
     <span class='ocr_line' id='line_1_2' title="bbox 142 862 1244 934; baseline -0.002 -13"><span class='ocrx_word' id='word_1_4' title='bbox 142 881 289 921; x_wconf 88' lang='lat' dir='ltr'><strong>manorum</strong></span> <span class='ocrx_word' id='word_1_5' title='bbox 313 864 461 919; x_wconf 86' lang='lat' dir='ltr'><strong>marimum</strong></span> <span class='ocrx_word' id='word_1_6' title='bbox 480 863 516 918; x_wconf 87' lang='lat' dir='ltr'><strong>ad</strong></span> <span class='ocrx_word' id='word_1_7' title='bbox 536 862 682 918; x_wconf 85' lang='lat' dir='ltr'><strong>victoriam</strong></span> <span class='ocrx_word' id='word_1_8' title='bbox 702 862 887 918; x_wconf 86' lang='lat' dir='ltr'><strong>demonstrari</strong></span> <span class='ocrx_word' id='word_1_9' title='bbox 897 868 976 919; x_wconf 87' lang='lat' dir='ltr'><strong>tanto</strong></span> <span class='ocrx_word' id='word_1_10' title='bbox 986 863 1135 933; x_wconf 89' lang='lat' dir='ltr'><strong>maiorem,</strong></span> <span class='ocrx_word' id='word_1_11' title='bbox 1157 863 1244 934; x_wconf 86' lang='lat' dir='ltr'><strong>‘quod</strong></span> 
     </span>
     <span class='ocr_line' id='line_1_3' title="bbox 142 931 1242 1002; baseline -0.002 -14"><span class='ocrx_word' id='word_1_12' title='bbox 142 940 312 988; x_wconf 85' lang='lat' dir='ltr'><strong>momentum</strong></span> <span class='ocrx_word' id='word_1_13' title='bbox 330 933 461 987; x_wconf 88' lang='lat' dir='ltr'><strong>attulisse</strong></span> <span class='ocrx_word' id='word_1_14' title='bbox 478 931 581 1000; x_wconf 78' lang='lat' dir='ltr'><strong>reicrt3</strong></span> <span class='ocrx_word' id='word_1_15' title='bbox 612 931 683 986; x_wconf 86' lang='lat' dir='ltr'><strong>nibil</strong></span> <span class='ocrx_word' id='word_1_16' title='bbox 701 932 921 1001; x_wconf 88' lang='lat' dir='ltr'><strong>eampccnniam</strong></span> <span class='ocrx_word' id='word_1_17' title='bbox 936 933 1082 1002; x_wconf 79' lang='lat' dir='ltr'><strong>publicam</strong></span> <span class='ocrx_word' id='word_1_18' title='bbox 1097 949 1165 987; x_wconf 88' lang='lat' dir='ltr'><strong>esse</strong></span> <span class='ocrx_word' id='word_1_19' title='bbox 1180 948 1242 987; x_wconf 90' lang='lat' dir='ltr'><strong>con·</strong></span> 
     </span>
     <span class='ocr_line' id='line_1_4' title="bbox 142 998 1242 1072; baseline -0.001 -17"><span class='ocrx_word' id='word_1_20' title='bbox 142 1002 178 1055; x_wconf 89' lang='lat' dir='ltr'><strong>de</strong></span> <span class='ocrx_word' id='word_1_21' title='bbox 198 1001 349 1056; x_wconf 84' lang='lat' dir='ltr'><strong>Germanis</strong></span> <span class='ocrx_word' id='word_1_22' title='bbox 367 1000 472 1056; x_wconf 89' lang='lat' dir='ltr'><strong>Caesar</strong></span> <span class='ocrx_word' id='word_1_23' title='bbox 517 999 566 1072; x_wconf 90' lang='lat' dir='ltr'><strong>qui</strong></span> <span class='ocrx_word' id='word_1_24' title='bbox 583 999 636 1055; x_wconf 88' lang='grc' dir='ltr'><strong>ΙΙΙ.</strong></span> <span class='ocrx_word' id='word_1_25' title='bbox 650 998 684 1053; x_wconf 82' lang='grc'><strong>94</strong></span> <span class='ocrx_word' id='word_1_26' title='bbox 701 1000 798 1055; x_wconf 87' lang='lat' dir='ltr'><strong>stabat</strong></span> <span class='ocrx_word' id='word_1_27' title='bbox 807 1001 901 1054; x_wconf 90' lang='lat' dir='ltr'><strong>datam</strong></span> <span class='ocrx_word' id='word_1_28' title='bbox 923 1000 1138 1070; x_wconf 88' lang='lat' dir='ltr'><strong>ueaPompeio</strong></span> <span class='ocrx_word' id='word_1_29' title='bbox 1153 999 1184 1054; x_wconf 88' lang='lat' dir='ltr'><strong>in</strong></span> <span class='ocrx_word' id='word_1_30' title='bbox 1197 999 1242 1055; x_wconf 86' lang='lat' dir='ltr'><strong>sti·</strong></span> 
     </span>
     <span class='ocr_line' id='line_1_5' title="bbox 142 1017 1240 1149; baseline 0 -25"><span class='ocrx_word' id='word_1_31' title='bbox 142 1087 191 1125; x_wconf 86' lang='lat' dir='ltr'><strong>sex</strong></span> <span class='ocrx_word' id='word_1_32' title='bbox 210 1070 356 1139; x_wconf 75' lang='lat' dir='ltr'><strong>cohortes,</strong></span> <span class='ocrx_word' id='word_1_33' title='bbox 375 1085 409 1122; x_wconf 85' lang='lat' dir='ltr'><strong>ex</strong></span> <span class='ocrx_word' id='word_1_34' title='bbox 427 1041 531 1140; x_wconf 85' lang='lat' dir='ltr'><strong>quibus</strong></span> <span class='ocrx_word' id='word_1_35' title='bbox 548 1067 683 1149; x_wconf 74' lang='lat' dir='ltr'><strong>detractis</strong></span> <span class='ocrx_word' id='word_1_36' title='bbox 701 1068 852 1138; x_wconf 84' lang='lat' dir='ltr'><strong>pendium’</strong></span> <span class='ocrx_word' id='word_1_37' title='bbox 895 1017 961 1124; x_wconf 61' lang='lat' dir='ltr'><strong>tion</strong></span> <span class='ocrx_word' id='word_1_38' title='bbox 978 1069 1071 1124; x_wconf 85' lang='lat' dir='ltr'><strong>tacuit</strong></span> <span class='ocrx_word' id='word_1_39' title='bbox 1088 1073 1168 1124; x_wconf 83' lang='lat' dir='ltr'><strong>certe</strong></span> <span class='ocrx_word' id='word_1_40' title='bbox 1186 1084 1240 1124; x_wconf 83' lang='lat' dir='ltr'><strong>rem</strong></span> 
     </span>
     <span class='ocr_line' id='line_1_6' title="bbox 141 1135 1240 1207; baseline -0.002 -14"><span class='ocrx_word' id='word_1_41' title='bbox 141 1155 176 1193; x_wconf 87' lang='lat' dir='ltr'><strong>ex</strong></span> <span class='ocrx_word' id='word_1_42' title='bbox 198 1139 283 1193; x_wconf 87' lang='lat' dir='ltr'><strong>tertia</strong></span> <span class='ocrx_word' id='word_1_43' title='bbox 301 1136 363 1192; x_wconf 86' lang='lat' dir='ltr'><strong>acic</strong></span> <span class='ocrx_word' id='word_1_44' title='bbox 382 1142 511 1207; x_wconf 88' lang='lat' dir='ltr'><strong>quartam</strong></span> <span class='ocrx_word' id='word_1_45' title='bbox 533 1137 623 1191; x_wconf 80' lang='lat' dir='ltr'><strong>aciem</strong></span> <span class='ocrx_word' id='word_1_46' title='bbox 643 1154 682 1190; x_wconf 91' lang='lat' dir='ltr'><strong>ro·</strong></span> <span class='ocrx_word' id='word_1_47' title='bbox 700 1137 788 1191; x_wconf 87' lang='lat' dir='ltr'><strong>multo</strong></span> <span class='ocrx_word' id='word_1_48' title='bbox 812 1137 978 1206; x_wconf 82' lang='lat' dir='ltr'><strong>graviorem.</strong></span> <span class='ocrx_word' id='word_1_49' title='bbox 1023 1135 1240 1192; x_wconf 72' lang='lat' dir='ltr'><strong>eonsentientes</strong></span> 
     </span>
     <span class='ocr_line' id='line_1_7' title="bbox 142 1203 1239 1277; baseline -0.002 -16"><span class='ocrx_word' id='word_1_50' title='bbox 142 1205 273 1261; x_wconf 89' lang='lat' dir='ltr'><strong>stituerat</strong></span> <span class='ocrx_word' id='word_1_51' title='bbox 289 1206 329 1277; x_wconf 85' lang='lat' dir='ltr'><strong>(c</strong></span> <span class='ocrx_word' id='word_1_52' title='bbox 342 1206 402 1275; x_wconf 82' lang='lat'><strong>89),</strong></span> <span class='ocrx_word' id='word_1_53' title='bbox 420 1204 529 1258; x_wconf 87' lang='lat' dir='ltr'><strong>initium</strong></span> <span class='ocrx_word' id='word_1_54' title='bbox 547 1204 683 1260; x_wconf 83' lang='lat' dir='ltr'><strong>victoriae</strong></span> <span class='ocrx_word' id='word_1_55' title='bbox 701 1204 854 1275; x_wconf 71' lang='lat' dir='ltr'>scriptores</span> <span class='ocrx_word' id='word_1_56' title='bbox 867 1211 995 1272; x_wconf 87' lang='lat' dir='ltr'><strong>narrant,</strong></span> <span class='ocrx_word' id='word_1_57' title='bbox 1014 1203 1169 1261; x_wconf 81' lang='lat' dir='ltr'><strong>Caesarem</strong></span> <span class='ocrx_word' id='word_1_58' title='bbox 1182 1219 1239 1259; x_wconf 82' lang='lat' dir='ltr'><strong>cum</strong></span> 
     </span>
     <span class='ocr_line' id='line_1_8' title="bbox 142 1271 1238 1329; baseline -0.001 -1"><span class='ocrx_word' id='word_1_59' title='bbox 142 1281 233 1328; x_wconf 91' lang='lat' dir='ltr'><strong>ortum</strong></span> <span class='ocrx_word' id='word_1_60' title='bbox 257 1291 320 1329; x_wconf 89' lang='lat' dir='ltr'><strong>esse</strong></span> <span class='ocrx_word' id='word_1_61' title='bbox 338 1273 416 1327; x_wconf 90' lang='lat' dir='ltr'><strong>dicit.</strong></span> <span class='ocrx_word' id='word_1_62' title='bbox 463 1273 527 1326; x_wconf 86' lang='lat' dir='ltr'><strong>Hoc</strong></span> <span class='ocrx_word' id='word_1_63' title='bbox 546 1273 570 1326; x_wconf 95' lang='lat' dir='ltr'><strong>si</strong></span> <span class='ocrx_word' id='word_1_64' title='bbox 587 1289 682 1328; x_wconf 83' lang='lat' dir='ltr'><strong>verum</strong></span> <span class='ocrx_word' id='word_1_65' title='bbox 701 1271 851 1327; x_wconf 80' lang='lat' dir='ltr'>Brundisio</span> <span class='ocrx_word' id='word_1_66' title='bbox 869 1273 986 1328; x_wconf 88' lang='lat' dir='ltr'><strong>Romam</strong></span> <span class='ocrx_word' id='word_1_67' title='bbox 1008 1273 1138 1328; x_wconf 85' lang='lat' dir='ltr'><strong>venisset</strong></span> <span class='ocrx_word' id='word_1_68' title='bbox 1180 1289 1238 1327; x_wconf 80' lang='lat' dir='ltr'><strong>san·</strong></span> 
     </span>
     <span class='ocr_line' id='line_1_9' title="bbox 141 1311 1237 1412; baseline -0.003 -15"><span class='ocrx_word' id='word_1_69' title='bbox 141 1350 198 1410; x_wconf 91' lang='lat' dir='ltr'><strong>est,</strong></span> <span class='ocrx_word' id='word_1_70' title='bbox 218 1342 366 1412; x_wconf 76' lang='lat' dir='ltr'><strong>legionarii</strong></span> <span class='ocrx_word' id='word_1_71' title='bbox 385 1341 512 1410; x_wconf 85' lang='lat' dir='ltr'><strong>iucruot,</strong></span> <span class='ocrx_word' id='word_1_72' title='bbox 535 1340 584 1412; x_wconf 90' lang='lat' dir='ltr'><strong>qui</strong></span> <span class='ocrx_word' id='word_1_73' title='bbox 601 1341 682 1410; x_wconf 89' lang='lat' dir='ltr'><strong>primi</strong></span> <span class='ocrx_word' id='word_1_74' title='bbox 700 1339 825 1396; x_wconf 85' lang='lat' dir='ltr'><strong>ctissime</strong></span> <span class='ocrx_word' id='word_1_75' title='bbox 834 1341 943 1397; x_wconf 89' lang='lat' dir='ltr'><strong>aerario</strong></span> <span class='ocrx_word' id='word_1_76' title='bbox 953 1340 1070 1397; x_wconf 82' lang='lat' dir='ltr'><strong>effracto</strong></span> <span class='ocrx_word' id='word_1_77' title='bbox 1082 1311 1237 1405; x_wconf 67' lang='lat' dir='ltr'><strong>studemus,</strong></span> 
     </span>
     <span class='ocr_line' id='line_1_10' title="bbox 142 1408 1236 1491; baseline -0.002 -27"><span class='ocrx_word' id='word_1_78' title='bbox 142 1411 280 1478; x_wconf 87' lang='lat' dir='ltr'><strong>vicerunt,</strong></span> <span class='ocrx_word' id='word_1_79' title='bbox 295 1427 388 1481; x_wconf 87' lang='lat' dir='ltr'><strong>neque</strong></span> <span class='ocrx_word' id='word_1_80' title='bbox 399 1409 535 1465; x_wconf 89' lang='lat' dir='ltr'><strong>credibile</strong></span> <span class='ocrx_word' id='word_1_81' title='bbox 545 1416 598 1479; x_wconf 90' lang='lat' dir='ltr'><strong>est,</strong></span> <span class='ocrx_word' id='word_1_82' title='bbox 613 1408 681 1464; x_wconf 86' lang='lat' dir='ltr'><strong>Cac—</strong></span> <span class='ocrx_word' id='word_1_83' title='bbox 700 1414 733 1463; x_wconf 90' lang='lat' dir='ltr'><strong>tr.</strong></span> <span class='ocrx_word' id='word_1_84' title='bbox 752 1410 806 1478; x_wconf 90' lang='lat' dir='ltr'><strong>pl.,</strong></span> <span class='ocrx_word' id='word_1_85' title='bbox 838 1409 887 1479; x_wconf 91' lang='lat' dir='ltr'><strong>qui</strong></span> <span class='ocrx_word' id='word_1_86' title='bbox 912 1410 1078 1491; x_wconf 84' lang='lat' dir='ltr'><strong>resistebat,</strong></span> <span class='ocrx_word' id='word_1_87' title='bbox 1111 1426 1164 1479; x_wconf 91' lang='lat' dir='ltr'><strong>per</strong></span> <span class='ocrx_word' id='word_1_88' title='bbox 1187 1409 1236 1462; x_wconf 84' lang='lat' dir='ltr'><strong>rin</strong></span> 
     </span>
     <span class='ocr_line' id='line_1_11' title="bbox 141 1477 1236 1561; baseline -0.002 -27"><span class='ocrx_word' id='word_1_89' title='bbox 141 1495 246 1561; x_wconf 74' lang='lat' dir='ltr'><strong>sarem,</strong></span> <span class='ocrx_word' id='word_1_90' title='bbox 266 1479 312 1550; x_wconf 90' lang='lat' dir='ltr'><strong>qui</strong></span> <span class='ocrx_word' id='word_1_91' title='bbox 327 1479 414 1534; x_wconf 92' lang='lat' dir='ltr'><strong>sciret</strong></span> <span class='ocrx_word' id='word_1_92' title='bbox 431 1479 505 1532; x_wconf 88' lang='lat' dir='ltr'><strong>‘eius</strong></span> <span class='ocrx_word' id='word_1_93' title='bbox 524 1477 580 1532; x_wconf 92' lang='lat' dir='ltr'><strong>dici</strong></span> <span class='ocrx_word' id='word_1_94' title='bbox 593 1478 682 1532; x_wconf 82' lang='lat' dir='ltr'><strong>victo·</strong></span> <span class='ocrx_word' id='word_1_95' title='bbox 699 1483 809 1539; x_wconf 87' lang='lat' dir='ltr'><strong>amoto,</strong></span> <span class='ocrx_word' id='word_1_96' title='bbox 828 1493 959 1547; x_wconf 84' lang='lat' dir='ltr'><strong>magnam</strong></span> <span class='ocrx_word' id='word_1_97' title='bbox 973 1494 1126 1547; x_wconf 88' lang='lat' dir='ltr'><strong>pecunram</strong></span> <span class='ocrx_word' id='word_1_98' title='bbox 1144 1479 1236 1533; x_wconf 83' lang='lat' dir='ltr'><strong>abstu-</strong></span> 
     </span>
     <span class='ocr_line' id='line_1_12' title="bbox 141 1545 1236 1616; baseline -0.002 -14"><span class='ocrx_word' id='word_1_99' title='bbox 141 1548 211 1603; x_wconf 90' lang='lat' dir='ltr'><strong>riam</strong></span> <span class='ocrx_word' id='word_1_100' title='bbox 233 1564 262 1601; x_wconf 89' lang='lat' dir='ltr'><strong>rn</strong></span> <span class='ocrx_word' id='word_1_101' title='bbox 285 1563 381 1602; x_wconf 88' lang='lat' dir='ltr'><strong>earum</strong></span> <span class='ocrx_word' id='word_1_102' title='bbox 404 1546 561 1602; x_wconf 78' lang='lat' dir='ltr'><strong>cohortium</strong></span> <span class='ocrx_word' id='word_1_103' title='bbox 578 1546 680 1600; x_wconf 85' lang='lat' dir='ltr'><strong>virtuto</strong></span> <span class='ocrx_word' id='word_1_104' title='bbox 700 1545 775 1598; x_wconf 89' lang='lat' dir='ltr'><strong>lisse.</strong></span> <span class='ocrx_word' id='word_1_105' title='bbox 802 1545 911 1616; x_wconf 76' lang='lat' dir='ltr'><strong>Tangit</strong></span> <span class='ocrx_word' id='word_1_106' title='bbox 919 1545 948 1599; x_wconf 90' lang='lat' dir='ltr'><strong>id</strong></span> <span class='ocrx_word' id='word_1_107' title='bbox 958 1545 980 1600; x_wconf 91' lang='lat'><strong>1.</strong></span> <span class='ocrx_word' id='word_1_108' title='bbox 990 1546 1033 1615; x_wconf 86' lang='lat'><strong>14,</strong></span> <span class='ocrx_word' id='word_1_109' title='bbox 1052 1547 1104 1603; x_wconf 87' lang='lat' dir='ltr'><strong>sed</strong></span> <span class='ocrx_word' id='word_1_110' title='bbox 1118 1547 1187 1601; x_wconf 88' lang='lat' dir='ltr'><strong>miro</strong></span> <span class='ocrx_word' id='word_1_111' title='bbox 1196 1561 1236 1600; x_wconf 82' lang='lat' dir='ltr'><strong>ca·</strong></span> 
     </span>
     <span class='ocr_line' id='line_1_13' title="bbox 141 1613 1236 1685; baseline -0.004 -14"><span class='ocrx_word' id='word_1_112' title='bbox 141 1616 297 1685; x_wconf 88' lang='lat' dir='ltr'><strong>constare&#39;,</strong></span> <span class='ocrx_word' id='word_1_113' title='bbox 334 1615 497 1684; x_wconf 84' lang='lat' dir='ltr'><strong>Germanis,</strong></span> <span class='ocrx_word' id='word_1_114' title='bbox 524 1631 583 1669; x_wconf 90' lang='lat' dir='ltr'><strong>non</strong></span> <span class='ocrx_word' id='word_1_115' title='bbox 605 1621 680 1668; x_wconf 84' lang='lat' dir='ltr'><strong>vete·</strong></span> <span class='ocrx_word' id='word_1_116' title='bbox 699 1613 862 1668; x_wconf 89' lang='lat' dir='ltr'><strong>lumniando</strong></span> <span class='ocrx_word' id='word_1_117' title='bbox 881 1621 911 1668; x_wconf 92' lang='lat' dir='ltr'><strong>et</strong></span> <span class='ocrx_word' id='word_1_118' title='bbox 929 1614 1128 1685; x_wconf 88' lang='lat' dir='ltr'><strong>detorquendo</strong></span> <span class='ocrx_word' id='word_1_119' title='bbox 1142 1613 1184 1668; x_wconf 91' lang='lat' dir='ltr'><strong>rei</strong></span> <span class='ocrx_word' id='word_1_120' title='bbox 1200 1614 1236 1667; x_wconf 90' lang='lat' dir='ltr'><strong>io·</strong></span> 
     </span>
     <span class='ocr_line' id='line_1_14' title="bbox 141 1681 1238 1752; baseline -0.005 -13"><span class='ocrx_word' id='word_1_121' title='bbox 141 1685 217 1739; x_wconf 88' lang='lat' dir='ltr'><strong>ranis</strong></span> <span class='ocrx_word' id='word_1_122' title='bbox 228 1683 287 1739; x_wconf 88' lang='lat' dir='ltr'><strong>suis</strong></span> <span class='ocrx_word' id='word_1_123' title='bbox 296 1701 355 1741; x_wconf 90' lang='lat' dir='ltr'><strong>rem</strong></span> <span class='ocrx_word' id='word_1_124' title='bbox 366 1683 538 1738; x_wconf 85' lang='lat' dir='ltr'><strong>committere</strong></span> <span class='ocrx_word' id='word_1_125' title='bbox 548 1682 680 1737; x_wconf 79' lang='lat' dir='ltr'><strong>voluisse.</strong></span> <span class='ocrx_word' id='word_1_126' title='bbox 699 1681 866 1752; x_wconf 79' lang='lat' dir='ltr'><strong>dignitatem</strong></span> <span class='ocrx_word' id='word_1_127' title='bbox 893 1683 1046 1750; x_wconf 87' lang='lat' dir='ltr'><strong>obscurat,</strong></span> <span class='ocrx_word' id='word_1_128' title='bbox 1080 1699 1146 1738; x_wconf 88' lang='lat' dir='ltr'><strong>cnm</strong></span> <span class='ocrx_word' id='word_1_129' title='bbox 1173 1681 1238 1736; x_wconf 86' lang='lat' dir='ltr'><strong>dicit</strong></span> 
     </span>
     <span class='ocr_line' id='line_1_15' title="bbox 141 1750 1236 1822; baseline -0.005 -12"><span class='ocrx_word' id='word_1_130' title='bbox 141 1752 207 1810; x_wconf 87' lang='lat' dir='ltr'><strong>Non</strong></span> <span class='ocrx_word' id='word_1_131' title='bbox 237 1758 319 1808; x_wconf 86' lang='lat' dir='ltr'><strong>tanta</strong></span> <span class='ocrx_word' id='word_1_132' title='bbox 348 1753 435 1822; x_wconf 77' lang='lat' dir='ltr'><strong>igitur</strong></span> <span class='ocrx_word' id='word_1_133' title='bbox 464 1752 576 1806; x_wconf 83' lang='lat' dir='ltr'><strong>videtur</strong></span> <span class='ocrx_word' id='word_1_134' title='bbox 602 1750 680 1804; x_wconf 81' lang='lat' dir='ltr'><strong>Flori</strong></span> <span class='ocrx_word' id='word_1_135' title='bbox 699 1750 850 1806; x_wconf 85' lang='lat' dir='ltr'><strong>Lentulum</strong></span> <span class='ocrx_word' id='word_1_136' title='bbox 884 1751 1029 1806; x_wconf 90' lang='lat' dir='ltr'><strong>consulem</strong></span> <span class='ocrx_word' id='word_1_137' title='bbox 1084 1767 1149 1806; x_wconf 88' lang='lat' dir='ltr'><strong>cum</strong></span> <span class='ocrx_word' id='word_1_138' title='bbox 1175 1765 1236 1820; x_wconf 88' lang='lat' dir='ltr'><strong>ape·</strong></span> 
     </span>
     <span class='ocr_line' id='line_1_16' title="bbox 141 1793 1236 1890; baseline -0.005 -13"><span class='ocrx_word' id='word_1_139' title='bbox 141 1821 311 1888; x_wconf 83' lang='lat' dir='ltr'><strong>auctoritas,</strong></span> <span class='ocrx_word' id='word_1_140' title='bbox 330 1820 530 1888; x_wconf 83' lang='lat' dir='ltr'><strong>utCaesarcm‚</strong></span> <span class='ocrx_word' id='word_1_141' title='bbox 550 1836 606 1890; x_wconf 92' lang='lat' dir='ltr'><strong>quo</strong></span> <span class='ocrx_word' id='word_1_142' title='bbox 623 1820 680 1873; x_wconf 89' lang='lat' dir='ltr'><strong>suis</strong></span> <span class='ocrx_word' id='word_1_143' title='bbox 698 1819 803 1872; x_wconf 76' lang='lat' dir='ltr'><strong>ruisset</strong></span> <span class='ocrx_word' id='word_1_144' title='bbox 841 1819 979 1873; x_wconf 88' lang='lat' dir='ltr'><strong>aerarium</strong></span> <span class='ocrx_word' id='word_1_145' title='bbox 1014 1793 1051 1873; x_wconf 82' lang='lat' dir='ltr'><strong>ad</strong></span> <span class='ocrx_word' id='word_1_146' title='bbox 1090 1820 1236 1889; x_wconf 85' lang='lat' dir='ltr'><strong>pecuniam</strong></span> 
     </span>
     <span class='ocr_line' id='line_1_17' title="bbox 141 1886 1237 2011; baseline -0.004 0"><span class='ocrx_word' id='word_1_147' title='bbox 141 1886 681 2011; x_wconf 50' lang='lat' dir='ltr'><strong>tlttllltt‹lll‘lttttttltt‘t</strong></span> <span class='ocrx_word' id='word_1_148' title='bbox 698 1886 1237 2010; x_wconf 54' lang='lat' dir='ltr'><strong>lttttttlt‘ttttttt‘tltt</strong></span> 
     </span>
     <span class='ocr_line' id='line_1_18' title="bbox 140 1974 1236 2094; baseline -0.002 -15"><span class='ocrx_word' id='word_1_149' title='bbox 140 2031 244 2085; x_wconf 87' lang='lat' dir='ltr'><strong>tamus,</strong></span> <span class='ocrx_word' id='word_1_150' title='bbox 283 2023 477 2078; x_wconf 85' lang='lat' dir='ltr'><strong>naeHorlrelii</strong></span> <span class='ocrx_word' id='word_1_151' title='bbox 488 1975 681 2079; x_wconf 59' lang='lat' dir='ltr'><strong>senteutialdst</strong></span> <span class='ocrx_word' id='word_1_152' title='bbox 698 2040 714 2074; x_wconf 86' lang='lat' dir='ltr'><strong>a</strong></span> <span class='ocrx_word' id='word_1_153' title='bbox 733 2032 787 2076; x_wconf 87' lang='lat' dir='ltr'><strong>erto</strong></span> <span class='ocrx_word' id='word_1_154' title='bbox 805 2025 935 2076; x_wconf 80' lang='lat' dir='ltr'><strong>sanctiore</strong></span> <span class='ocrx_word' id='word_1_155' title='bbox 956 2025 1060 2077; x_wconf 74' lang='lat' dir='ltr'><strong>aerario</strong></span> <span class='ocrx_word' id='word_1_156' title='bbox 1080 1974 1236 2094; x_wconf 49' lang='lat' dir='ltr'><strong>prgsuqr&#39;aae.</strong></span> 
     </span>
     <span class='ocr_line' id='line_1_19' title="bbox 141 2040 1236 2161; baseline 0 -16"><span class='ocrx_word' id='word_1_157' title='bbox 141 2092 158 2145; x_wconf 89' lang='lat' dir='ltr'><strong>l.</strong></span> <span class='ocrx_word' id='word_1_158' title='bbox 168 2093 186 2145; x_wconf 91' lang='lat' dir='ltr'><strong>l.</strong></span> <span class='ocrx_word' id='word_1_159' title='bbox 197 2109 225 2161; x_wconf 89' lang='lat' dir='ltr'><strong>p.</strong></span> <span class='ocrx_word' id='word_1_160' title='bbox 235 2041 294 2144; x_wconf 56' lang='lat' dir='ltr'><strong>tsi.</strong></span> <span class='ocrx_word' id='word_1_161' title='bbox 339 2091 394 2156; x_wconf 83' lang='lat' dir='ltr'><strong>Qui</strong></span> <span class='ocrx_word' id='word_1_162' title='bbox 413 2091 544 2145; x_wconf 83' lang='lat' dir='ltr'><strong>dixerunt</strong></span> <span class='ocrx_word' id='word_1_163' title='bbox 561 2092 679 2146; x_wconf 84' lang='lat' dir='ltr'><strong>Antonii</strong></span> <span class='ocrx_word' id='word_1_164' title='bbox 697 2040 776 2146; x_wconf 65' lang='lat' dir='ltr'><strong>lfihil</strong></span> <span class='ocrx_word' id='word_1_165' title='bbox 794 2091 830 2144; x_wconf 91' lang='lat' dir='ltr'><strong>de</strong></span> <span class='ocrx_word' id='word_1_166' title='bbox 848 2090 970 2159; x_wconf 87' lang='lat' dir='ltr'><strong>pecunia</strong></span> <span class='ocrx_word' id='word_1_167' title='bbox 986 2092 1068 2146; x_wconf 83' lang='lat' dir='ltr'><strong>addit</strong></span> <span class='ocrx_word' id='word_1_168' title='bbox 1086 2098 1117 2146; x_wconf 87' lang='lat' dir='ltr'><strong>et</strong></span> <span class='ocrx_word' id='word_1_169' title='bbox 1134 2092 1236 2146; x_wconf 85' lang='lat' dir='ltr'><strong>violen-</strong></span> 
     </span>
     <span class='ocr_line' id='line_1_20' title="bbox 140 2157 1237 2230; baseline -0.002 -16"><span class='ocrx_word' id='word_1_170' title='bbox 140 2166 169 2214; x_wconf 89' lang='lat' dir='ltr'><strong>et</strong></span> <span class='ocrx_word' id='word_1_171' title='bbox 177 2158 351 2214; x_wconf 86' lang='lat' dir='ltr'><strong>Dolabellae</strong></span> <span class='ocrx_word' id='word_1_172' title='bbox 365 2159 402 2213; x_wconf 93' lang='lat' dir='ltr'><strong>ad</strong></span> <span class='ocrx_word' id='word_1_173' title='bbox 413 2157 554 2213; x_wconf 86' lang='lat' dir='ltr'><strong>Curictam</strong></span> <span class='ocrx_word' id='word_1_174' title='bbox 571 2161 678 2216; x_wconf 89' lang='lat' dir='ltr'><strong>cladem</strong></span> <span class='ocrx_word' id='word_1_175' title='bbox 698 2159 755 2213; x_wconf 88' lang='lat' dir='ltr'><strong>tiae</strong></span> <span class='ocrx_word' id='word_1_176' title='bbox 783 2160 887 2213; x_wconf 87' lang='lat' dir='ltr'><strong>crimen</strong></span> <span class='ocrx_word' id='word_1_177' title='bbox 913 2159 1086 2230; x_wconf 77' lang='lat' dir='ltr'><strong>abstergitur</strong></span> <span class='ocrx_word' id='word_1_178' title='bbox 1113 2159 1237 2215; x_wconf 87' lang='lat' dir='ltr'><strong>consulis</strong></span> 
     </span>
     <span class='ocr_line' id='line_1_21' title="bbox 140 2227 1236 2299; baseline -0.001 -17"><span class='ocrx_word' id='word_1_179' title='bbox 140 2234 168 2282; x_wconf 90' lang='lat' dir='ltr'><strong>et</strong></span> <span class='ocrx_word' id='word_1_180' title='bbox 178 2227 284 2281; x_wconf 80' lang='lat' dir='ltr'><strong>frustra</strong></span> <span class='ocrx_word' id='word_1_181' title='bbox 292 2232 347 2282; x_wconf 89' lang='lat' dir='ltr'><strong>tem</strong></span> <span class='ocrx_word' id='word_1_182' title='bbox 370 2227 616 2283; x_wconf 86' lang='lat' dir='ltr'><strong>tatamaCaesare</strong></span> <span class='ocrx_word' id='word_1_183' title='bbox 632 2246 678 2299; x_wconf 91' lang='lat' dir='ltr'><strong>op·</strong></span> <span class='ocrx_word' id='word_1_184' title='bbox 697 2227 882 2299; x_wconf 81' lang='lat' dir='ltr'><strong>negligentia.</strong></span> <span class='ocrx_word' id='word_1_185' title='bbox 917 2228 1027 2282; x_wconf 87' lang='lat' dir='ltr'><strong>Tacere</strong></span> <span class='ocrx_word' id='word_1_186' title='bbox 1053 2228 1149 2282; x_wconf 88' lang='lat' dir='ltr'><strong>noluit</strong></span> <span class='ocrx_word' id='word_1_187' title='bbox 1171 2245 1236 2295; x_wconf 90' lang='lat' dir='ltr'><strong>rem,</strong></span> 
     </span>
     <span class='ocr_line' id='line_1_22' title="bbox 140 2293 1238 2366; baseline 0.002 -18"><span class='ocrx_word' id='word_1_188' title='bbox 140 2295 343 2365; x_wconf 84' lang='lat' dir='ltr'><strong>pugnationcm</strong></span> <span class='ocrx_word' id='word_1_189' title='bbox 382 2296 535 2366; x_wconf 83' lang='lat' dir='ltr'><strong>yrrhachii,</strong></span> <span class='ocrx_word' id='word_1_190' title='bbox 549 2305 582 2351; x_wconf 88' lang='lat' dir='ltr'><strong>ut</strong></span> <span class='ocrx_word' id='word_1_191' title='bbox 596 2298 678 2352; x_wconf 88' lang='lat' dir='ltr'><strong>detri-</strong></span> <span class='ocrx_word' id='word_1_192' title='bbox 698 2313 755 2365; x_wconf 89' lang='lat' dir='ltr'><strong>qua</strong></span> <span class='ocrx_word' id='word_1_193' title='bbox 763 2296 839 2365; x_wconf 89' lang='lat' dir='ltr'><strong>apud</strong></span> <span class='ocrx_word' id='word_1_194' title='bbox 848 2297 938 2366; x_wconf 86' lang='lat' dir='ltr'><strong>ipsam</strong></span> <span class='ocrx_word' id='word_1_195' title='bbox 954 2295 1068 2365; x_wconf 88' lang='lat' dir='ltr'><strong>plebem</strong></span> <span class='ocrx_word' id='word_1_196' title='bbox 1078 2293 1238 2351; x_wconf 83' lang='lat' dir='ltr'><strong>offenderat</strong></span> 
     </span>
     <span class='ocr_line' id='line_1_23' title="bbox 139 2364 1235 2436; baseline 0 -19"><span class='ocrx_word' id='word_1_197' title='bbox 139 2371 235 2418; x_wconf 85' lang='lat' dir='ltr'><strong>monta</strong></span> <span class='ocrx_word' id='word_1_198' title='bbox 253 2370 373 2433; x_wconf 87' lang='lat' dir='ltr'><strong>accepta</strong></span> <span class='ocrx_word' id='word_1_199' title='bbox 391 2364 570 2432; x_wconf 84' lang='lat' dir='ltr'><strong>obscuraret,</strong></span> <span class='ocrx_word' id='word_1_200' title='bbox 591 2365 678 2420; x_wconf 88' lang='lat' dir='ltr'><strong>scien·</strong></span> <span class='ocrx_word' id='word_1_201' title='bbox 698 2364 769 2436; x_wconf 80' lang='lat' dir='ltr'><strong>(Cic.</strong></span> <span class='ocrx_word' id='word_1_202' title='bbox 780 2364 885 2418; x_wconf 85' lang='lat' dir='ltr'><strong>adAtt</strong></span> <span class='ocrx_word' id='word_1_203' title='bbox 896 2365 932 2417; x_wconf 88' lang='lat' dir='ltr'><strong>X.</strong></span> <span class='ocrx_word' id='word_1_204' title='bbox 941 2364 993 2432; x_wconf 83' lang='lat'><strong>4‚8</strong></span> <span class='ocrx_word' id='word_1_205' title='bbox 1011 2405 1018 2431; x_wconf 92' lang='lat'><strong>,</strong></span> <span class='ocrx_word' id='word_1_206' title='bbox 1042 2366 1093 2419; x_wconf 89' lang='lat' dir='ltr'><strong>sed</strong></span> <span class='ocrx_word' id='word_1_207' title='bbox 1107 2365 1150 2420; x_wconf 82' lang='lat' dir='ltr'><strong>ita</strong></span> <span class='ocrx_word' id='word_1_208' title='bbox 1163 2381 1235 2418; x_wconf 91' lang='lat' dir='ltr'><strong>com·</strong></span> 
     </span>
     <span class='ocr_line' id='line_1_24' title="bbox 140 2431 1235 2512; baseline 0.002 -27"><span class='ocrx_word' id='word_1_209' title='bbox 140 2437 195 2486; x_wconf 90' lang='lat' dir='ltr'><strong>tem</strong></span> <span class='ocrx_word' id='word_1_210' title='bbox 206 2431 330 2486; x_wconf 84' lang='lat' dir='ltr'><strong>tacuisse</strong></span> <span class='ocrx_word' id='word_1_211' title='bbox 362 2432 542 2487; x_wconf 86' lang='lat' dir='ltr'><strong>nesciverunt</strong></span> <span class='ocrx_word' id='word_1_212' title='bbox 555 2434 584 2487; x_wconf 89' lang='lat' dir='ltr'><strong>in</strong></span> <span class='ocrx_word' id='word_1_213' title='bbox 599 2433 678 2487; x_wconf 89' lang='lat' dir='ltr'><strong>libris</strong></span> <span class='ocrx_word' id='word_1_214' title='bbox 697 2438 847 2502; x_wconf 87' lang='lat' dir='ltr'><strong>memorat,</strong></span> <span class='ocrx_word' id='word_1_215' title='bbox 883 2439 915 2486; x_wconf 91' lang='lat' dir='ltr'><strong>ut</strong></span> <span class='ocrx_word' id='word_1_216' title='bbox 937 2432 985 2512; x_wconf 85' lang='lat' dir='ltr'><strong>qui</strong></span> <span class='ocrx_word' id='word_1_217' title='bbox 1027 2432 1078 2486; x_wconf 91' lang='lat' dir='ltr'><strong>illo</strong></span> <span class='ocrx_word' id='word_1_218' title='bbox 1099 2438 1235 2502; x_wconf 87' lang='lat' dir='ltr'><strong>tempore,</strong></span> 
     </span>
     <span class='ocr_line' id='line_1_25' title="bbox 139 2472 1237 2570; baseline 0.001 -18"><span class='ocrx_word' id='word_1_219' title='bbox 139 2499 255 2554; x_wconf 89' lang='lat' dir='ltr'><strong>lacunas</strong></span> <span class='ocrx_word' id='word_1_220' title='bbox 264 2516 327 2554; x_wconf 89' lang='lat' dir='ltr'><strong>csse</strong></span> <span class='ocrx_word' id='word_1_221' title='bbox 337 2472 389 2554; x_wconf 80' lang='lat' dir='ltr'><strong>ill.</strong></span> <span class='ocrx_word' id='word_1_222' title='bbox 399 2501 417 2554; x_wconf 88' lang='lat'>8</span> <span class='ocrx_word' id='word_1_223' title='bbox 426 2506 455 2554; x_wconf 89' lang='lat' dir='ltr'><strong>et</strong></span> <span class='ocrx_word' id='word_1_224' title='bbox 465 2500 517 2554; x_wconf 88' lang='lat'>111.</span> <span class='ocrx_word' id='word_1_225' title='bbox 526 2501 560 2554; x_wconf 83' lang='lat'><strong>50</strong></span> <span class='ocrx_word' id='word_1_226' title='bbox 574 2508 604 2556; x_wconf 87' lang='lat' dir='ltr'><strong>et</strong></span> <span class='ocrx_word' id='word_1_227' title='bbox 615 2501 678 2555; x_wconf 88' lang='lat' dir='ltr'><strong>aliis</strong></span> <span class='ocrx_word' id='word_1_228' title='bbox 697 2517 753 2570; x_wconf 88' lang='lat' dir='ltr'><strong>quo</strong></span> <span class='ocrx_word' id='word_1_229' title='bbox 769 2507 986 2555; x_wconf 73' lang='lat' dir='ltr'><strong>commentarios</strong></span> <span class='ocrx_word' id='word_1_230' title='bbox 999 2500 1128 2570; x_wconf 85' lang='lat' dir='ltr'><strong>scripsit,</strong></span> <span class='ocrx_word' id='word_1_231' title='bbox 1147 2501 1237 2554; x_wconf 84' lang='lat' dir='ltr'><strong>victor</strong></span> 
     </span>
     <span class='ocr_line' id='line_1_26' title="bbox 140 2567 1235 2638; baseline 0.001 -17"><span class='ocrx_word' id='word_1_232' title='bbox 140 2568 211 2621; x_wconf 87' lang='lat' dir='ltr'><strong>locis</strong></span> <span class='ocrx_word' id='word_1_233' title='bbox 225 2569 323 2623; x_wconf 87' lang='lat' dir='ltr'><strong>adres</strong></span> <span class='ocrx_word' id='word_1_234' title='bbox 337 2568 376 2623; x_wconf 93' lang='lat' dir='ltr'><strong>ibi</strong></span> <span class='ocrx_word' id='word_1_235' title='bbox 392 2575 521 2623; x_wconf 88' lang='lat' dir='ltr'><strong>narratas</strong></span> <span class='ocrx_word' id='word_1_236' title='bbox 537 2586 583 2623; x_wconf 89' lang='lat' dir='ltr'><strong>res</strong></span> <span class='ocrx_word' id='word_1_237' title='bbox 604 2570 678 2625; x_wconf 89' lang='lat' dir='ltr'><strong>icere</strong></span> <span class='ocrx_word' id='word_1_238' title='bbox 697 2569 802 2623; x_wconf 87' lang='lat' dir='ltr'><strong>audere</strong></span> <span class='ocrx_word' id='word_1_239' title='bbox 815 2585 901 2638; x_wconf 82' lang='lat' dir='ltr'><strong>posse</strong></span> <span class='ocrx_word' id='word_1_240' title='bbox 916 2569 970 2622; x_wconf 90' lang='lat' dir='ltr'><strong>sibi</strong></span> <span class='ocrx_word' id='word_1_241' title='bbox 984 2569 1061 2622; x_wconf 85' lang='lat' dir='ltr'><strong>visos</strong></span> <span class='ocrx_word' id='word_1_242' title='bbox 1080 2568 1118 2622; x_wconf 86' lang='lat' dir='ltr'><strong>sit</strong></span> <span class='ocrx_word' id='word_1_243' title='bbox 1131 2568 1186 2623; x_wconf 87' lang='lat' dir='ltr'><strong>insi</strong></span> <span class='ocrx_word' id='word_1_244' title='bbox 1226 2567 1235 2621; x_wconf 95' lang='lat' dir='ltr'><strong>i</strong></span> 
     </span>
     <span class='ocr_line' id='line_1_27' title="bbox 140 2587 1235 2720; baseline 0.002 -30"><span class='ocrx_word' id='word_1_245' title='bbox 140 2637 291 2692; x_wconf 82' lang='lat' dir='ltr'><strong>Caesarem</strong></span> <span class='ocrx_word' id='word_1_246' title='bbox 308 2639 347 2709; x_wconf 79' lang='lat' dir='ltr'><strong>(v.</strong></span> <span class='ocrx_word' id='word_1_247' title='bbox 363 2638 406 2691; x_wconf 87' lang='lat' dir='ltr'><strong>ed.</strong></span> <span class='ocrx_word' id='word_1_248' title='bbox 418 2636 538 2693; x_wconf 86' lang='lat' dir='ltr'><strong>Weidm.</strong></span> <span class='ocrx_word' id='word_1_249' title='bbox 558 2587 603 2691; x_wconf 68' lang='lat' dir='ltr'><strong>ad&gt;</strong></span> <span class='ocrx_word' id='word_1_250' title='bbox 610 2640 628 2691; x_wconf 89' lang='lat' dir='ltr'><strong>l.</strong></span> <span class='ocrx_word' id='word_1_251' title='bbox 639 2638 678 2720; x_wconf 83' lang='lat' dir='ltr'><strong>l).</strong></span> <span class='ocrx_word' id='word_1_252' title='bbox 697 2637 866 2691; x_wconf 90' lang='lat' dir='ltr'><strong>documento</strong></span> <span class='ocrx_word' id='word_1_253' title='bbox 880 2642 1026 2707; x_wconf 86' lang='lat' dir='ltr'><strong>appareat.</strong></span> <span class='ocrx_word' id='word_1_254' title='bbox 1053 2587 1235 2706; x_wconf 50' lang='lat' dir='ltr'><strong>Magnaqu·</strong></span> 
     </span>
     <span class='ocr_line' id='line_1_28' title="bbox 138 2704 1234 2777; baseline 0.002 -19"><span class='ocrx_word' id='word_1_255' title='bbox 138 2704 205 2773; x_wconf 87' lang='lat' dir='ltr'><strong>His,</strong></span> <span class='ocrx_word' id='word_1_256' title='bbox 238 2721 312 2776; x_wconf 86' lang='lat' dir='ltr'><strong>quae</strong></span> <span class='ocrx_word' id='word_1_257' title='bbox 336 2706 372 2761; x_wconf 92' lang='lat' dir='ltr'><strong>de</strong></span> <span class='ocrx_word' id='word_1_258' title='bbox 394 2705 507 2760; x_wconf 89' lang='lat' dir='ltr'><strong>silentio</strong></span> <span class='ocrx_word' id='word_1_259' title='bbox 532 2706 678 2777; x_wconf 79' lang='lat' dir='ltr'><strong>scriptoris</strong></span> <span class='ocrx_word' id='word_1_260' title='bbox 717 2705 1234 2774; x_wconf 86' lang='lat' dir='ltr'><strong>entiumcredulitatcmsperassecre·</strong></span> 
     </span>
     <span class='ocr_line' id='line_1_29' title="bbox 139 2722 1235 2856; baseline 0 -30"><span class='ocrx_word' id='word_1_261' title='bbox 139 2774 215 2828; x_wconf 88' lang='lat' dir='ltr'><strong>dicta</strong></span> <span class='ocrx_word' id='word_1_262' title='bbox 229 2781 336 2829; x_wconf 90' lang='lat' dir='ltr'><strong>sunt-</strong></span> <span class='ocrx_word' id='word_1_263' title='bbox 347 2773 404 2830; x_wconf 89' lang='lat' dir='ltr'><strong>alia</strong></span> <span class='ocrx_word' id='word_1_264' title='bbox 418 2774 511 2829; x_wconf 88' lang='lat' dir='ltr'><strong>sciens</strong></span> <span class='ocrx_word' id='word_1_265' title='bbox 528 2782 678 2856; x_wconf 86' lang='lat' dir='ltr'><strong>praetereo</strong></span> <span class='ocrx_word' id='word_1_266' title='bbox 696 2722 748 2827; x_wconf 59' lang='lat' dir='ltr'><strong>das</strong></span> <span class='ocrx_word' id='word_1_267' title='bbox 763 2773 811 2843; x_wconf 90' lang='lat' dir='ltr'><strong>qui</strong></span> <span class='ocrx_word' id='word_1_268' title='bbox 823 2772 873 2826; x_wconf 87' lang='grc' dir='ltr'><strong>ΙΙΙ.</strong></span> <span class='ocrx_word' id='word_1_269' title='bbox 887 2773 920 2826; x_wconf 89' lang='grc'><strong>33</strong></span> <span class='ocrx_word' id='word_1_270' title='bbox 937 2779 1047 2852; x_wconf 83' lang='lat' dir='ltr'><strong>narrat,</strong></span> <span class='ocrx_word' id='word_1_271' title='bbox 1067 2789 1152 2852; x_wconf 84' lang='lat' dir='ltr'><strong>quarn</strong></span> <span class='ocrx_word' id='word_1_272' title='bbox 1166 2773 1235 2826; x_wconf 91' lang='lat' dir='ltr'><strong>miro</strong></span> 
     </span>
     <span class='ocr_line' id='line_1_30' title="bbox 138 2840 1234 2914; baseline -0.001 -18"><span class='ocrx_word' id='word_1_273' title='bbox 138 2859 274 2912; x_wconf 87' lang='lat' dir='ltr'><strong>-pouca</strong></span> <span class='ocrx_word' id='word_1_274' title='bbox 288 2843 391 2898; x_wconf 87' lang='lat' dir='ltr'><strong>addam</strong></span> <span class='ocrx_word' id='word_1_275' title='bbox 407 2859 516 2911; x_wconf 88' lang='lat' dir='ltr'><strong>eorum,</strong></span> <span class='ocrx_word' id='word_1_276' title='bbox 536 2844 678 2914; x_wconf 89' lang='lat' dir='ltr'><strong>mqnibns</strong></span> <span class='ocrx_word' id='word_1_277' title='bbox 697 2858 764 2894; x_wconf 89' lang='lat' dir='ltr'><strong>casu</strong></span> <span class='ocrx_word' id='word_1_278' title='bbox 792 2843 914 2910; x_wconf 87' lang='lat' dir='ltr'><strong>pecunia</strong></span> <span class='ocrx_word' id='word_1_279' title='bbox 938 2840 1045 2912; x_wconf 77' lang='lat' dir='ltr'><strong>Ephesi</strong></span> <span class='ocrx_word' id='word_1_280' title='bbox 1071 2858 1101 2894; x_wconf 90' lang='lat' dir='ltr'><strong>m</strong></span> <span class='ocrx_word' id='word_1_281' title='bbox 1128 2842 1234 2911; x_wconf 83' lang='lat' dir='ltr'><strong>templo</strong></span> 
     </span>
     <span class='ocr_line' id='line_1_31' title="bbox 139 2908 1235 2980; baseline -0.001 -16"><span class='ocrx_word' id='word_1_282' title='bbox 139 2912 270 2965; x_wconf 89' lang='lat' dir='ltr'><strong>consulto</strong></span> <span class='ocrx_word' id='word_1_283' title='bbox 281 2911 426 2966; x_wconf 79' lang='lat' dir='ltr'><strong>sueritate</strong></span> <span class='ocrx_word' id='word_1_284' title='bbox 437 2910 587 2966; x_wconf 84' lang='lat' dir='ltr'><strong>deflexisse</strong></span> <span class='ocrx_word' id='word_1_285' title='bbox 597 2919 677 2979; x_wconf 86' lang='lat' dir='ltr'><strong>puta·</strong></span> <span class='ocrx_word' id='word_1_286' title='bbox 697 2908 807 2962; x_wconf 88' lang='lat' dir='ltr'><strong>Dianae</strong></span> <span class='ocrx_word' id='word_1_287' title='bbox 821 2909 976 2979; x_wconf 89' lang='lat' dir='ltr'><strong>antiquitus</strong></span> <span class='ocrx_word' id='word_1_288' title='bbox 991 2908 1135 2978; x_wconf 87' lang='lat' dir='ltr'><strong>deposita,</strong></span> <span class='ocrx_word' id='word_1_289' title='bbox 1152 2926 1235 2980; x_wconf 88' lang='lat' dir='ltr'><strong>quam</strong></span> 
     </span>
     <span class='ocr_line' id='line_1_32' title="bbox 137 2976 1235 3048; baseline -0.002 -16"><span class='ocrx_word' id='word_1_290' title='bbox 137 2985 190 3032; x_wconf 88' lang='lat' dir='ltr'><strong>tur.</strong></span> <span class='ocrx_word' id='word_1_291' title='bbox 234 2979 390 3034; x_wconf 83' lang='lat' dir='ltr'><strong>-Nonnulla</strong></span> <span class='ocrx_word' id='word_1_292' title='bbox 416 2996 501 3048; x_wconf 90' lang='lat' dir='ltr'><strong>supra</strong></span> <span class='ocrx_word' id='word_1_293' title='bbox 527 2979 677 3033; x_wconf 88' lang='lat' dir='ltr'><strong>occasione</strong></span> <span class='ocrx_word' id='word_1_294' title='bbox 696 2977 859 3031; x_wconf 84' lang='lat' dir='ltr'><strong>sublaturus</strong></span> <span class='ocrx_word' id='word_1_295' title='bbox 869 2983 932 3031; x_wconf 84' lang='lat' dir='ltr'><strong>erat</strong></span> <span class='ocrx_word' id='word_1_296' title='bbox 941 2976 1047 3045; x_wconf 85' lang='lat' dir='ltr'><strong>Scipio,</strong></span> <span class='ocrx_word' id='word_1_297' title='bbox 1067 2983 1183 3032; x_wconf 84' lang='lat' dir='ltr'><strong>servato</strong></span> <span class='ocrx_word' id='word_1_298' title='bbox 1192 2977 1235 3030; x_wconf 86' lang='lat' dir='ltr'><strong>sit.</strong></span> 
     </span>
     <span class='ocr_line' id='line_1_33' title="bbox 138 3044 1235 3115; baseline 0.001 -17"><span class='ocrx_word' id='word_1_299' title='bbox 138 3047 206 3099; x_wconf 90' lang='lat' dir='ltr'><strong>data</strong></span> <span class='ocrx_word' id='word_1_300' title='bbox 232 3052 450 3100; x_wconf 89' lang='lat' dir='ltr'><strong>commemorata</strong></span> <span class='ocrx_word' id='word_1_301' title='bbox 473 3051 547 3099; x_wconf 83' lang='lat' dir='ltr'><strong>sunt</strong></span> <span class='ocrx_word' id='word_1_302' title='bbox 590 3045 676 3100; x_wconf 91' lang='lat' dir='ltr'><strong>Pecu·</strong></span> <span class='ocrx_word' id='word_1_303' title='bbox 695 3044 929 3115; x_wconf 82' lang='lat' dir='ltr'><strong>(V.ed.Weidm.</strong></span> <span class='ocrx_word' id='word_1_304' title='bbox 946 3045 1043 3099; x_wconf 76' lang='lat' dir='ltr'><strong>adil.</strong></span> <span class='ocrx_word' id='word_1_305' title='bbox 1093 3045 1235 3110; x_wconf 85' lang='lat' dir='ltr'><strong>Quantum</strong></span> 
     </span>
     <span class='ocr_line' id='line_1_34' title="bbox 137 3111 1235 3184; baseline 0.001 -19"><span class='ocrx_word' id='word_1_306' title='bbox 137 3113 312 3182; x_wconf 86' lang='lat' dir='ltr'><strong>niam,qua&#39;m</strong></span> <span class='ocrx_word' id='word_1_307' title='bbox 320 3111 676 3168; x_wconf 87' lang='lat' dir='ltr'><strong>DomitiusCorfiniumad·</strong></span> <span class='ocrx_word' id='word_1_308' title='bbox 695 3112 802 3167; x_wconf 89' lang='lat' dir='ltr'><strong>tribuat</strong></span> <span class='ocrx_word' id='word_1_309' title='bbox 811 3114 927 3178; x_wconf 84' lang='lat' dir='ltr'><strong>tutelae,</strong></span> <span class='ocrx_word' id='word_1_310' title='bbox 938 3130 1022 3183; x_wconf 90' lang='lat' dir='ltr'><strong>quam</strong></span> <span class='ocrx_word' id='word_1_311' title='bbox 1055 3112 1235 3184; x_wconf 83' lang='lat' dir='ltr'><strong>caepraesti-</strong></span> 
     </span>
     <span class='ocr_line' id='line_1_35' title="bbox 138 3180 1235 3249; baseline 0.002 -17"><span class='ocrx_word' id='word_1_312' title='bbox 138 3187 261 3248; x_wconf 86' lang='lat' dir='ltr'><strong>vexerat,</strong></span> <span class='ocrx_word' id='word_1_313' title='bbox 273 3185 357 3249; x_wconf 88' lang='lat' dir='ltr'><strong>capta</strong></span> <span class='ocrx_word' id='word_1_314' title='bbox 366 3180 437 3234; x_wconf 89' lang='lat' dir='ltr'><strong>urbe</strong></span> <span class='ocrx_word' id='word_1_315' title='bbox 447 3180 562 3234; x_wconf 88' lang='lat' dir='ltr'><strong>allatam</strong></span> <span class='ocrx_word' id='word_1_316' title='bbox 573 3181 610 3235; x_wconf 88' lang='lat' dir='ltr'><strong>ad</strong></span> <span class='ocrx_word' id='word_1_317' title='bbox 620 3198 650 3236; x_wconf 94' lang='lat' dir='ltr'><strong>se</strong></span> <span class='ocrx_word' id='word_1_318' title='bbox 660 3199 678 3236; x_wconf 97' lang='lat' dir='ltr'><strong>a</strong></span> <span class='ocrx_word' id='word_1_319' title='bbox 694 3180 763 3234; x_wconf 91' lang='lat' dir='ltr'><strong>tisse</strong></span> <span class='ocrx_word' id='word_1_320' title='bbox 777 3181 866 3236; x_wconf 87' lang='lat' dir='ltr'><strong>videri</strong></span> <span class='ocrx_word' id='word_1_321' title='bbox 881 3182 954 3249; x_wconf 84' lang='lat' dir='ltr'><strong>vult,</strong></span> <span class='ocrx_word' id='word_1_322' title='bbox 974 3181 1071 3235; x_wconf 88' lang='lat' dir='ltr'><strong>similis</strong></span> <span class='ocrx_word' id='word_1_323' title='bbox 1085 3183 1122 3236; x_wconf 91' lang='lat' dir='ltr'><strong>de</strong></span> <span class='ocrx_word' id='word_1_324' title='bbox 1136 3182 1235 3235; x_wconf 86' lang='lat' dir='ltr'><strong>ecdem</strong></span> 
     </span>
     <span class='ocr_line' id='line_1_36' title="bbox 136 3247 1233 3318; baseline 0.001 -16"><span class='ocrx_word' id='word_1_325' title='bbox 136 3247 351 3318; x_wconf 78' lang='lat' dir='ltr'><strong>magistratibus</strong></span> <span class='ocrx_word' id='word_1_326' title='bbox 375 3248 498 3302; x_wconf 91' lang='lat' dir='ltr'><strong>Domitio</strong></span> <span class='ocrx_word' id='word_1_327' title='bbox 527 3265 557 3303; x_wconf 89' lang='lat' dir='ltr'><strong>se</strong></span> <span class='ocrx_word' id='word_1_328' title='bbox 584 3250 677 3303; x_wconf 90' lang='lat' dir='ltr'><strong>reddi·</strong></span> <span class='ocrx_word' id='word_1_329' title='bbox 716 3250 817 3302; x_wconf 91' lang='lat' dir='ltr'><strong>ecunia</strong></span> <span class='ocrx_word' id='word_1_330' title='bbox 830 3249 954 3304; x_wconf 89' lang='lat' dir='ltr'><strong>narratio</strong></span> <span class='ocrx_word' id='word_1_331' title='bbox 968 3249 1020 3302; x_wconf 92' lang='lat' dir='ltr'><strong>Ill.</strong></span> <span class='ocrx_word' id='word_1_332' title='bbox 1030 3250 1081 3304; x_wconf 79' lang='lat'><strong>105</strong></span> <span class='ocrx_word' id='word_1_333' title='bbox 1099 3249 1233 3304; x_wconf 84' lang='lat' dir='ltr'><strong>ostendit.</strong></span> 
     </span>
     <span class='ocr_line' id='line_1_37' title="bbox 138 3266 1234 3387; baseline 0.003 -19"><span class='ocrx_word' id='word_1_334' title='bbox 138 3315 213 3369; x_wconf 90' lang='lat' dir='ltr'><strong>disse</strong></span> <span class='ocrx_word' id='word_1_335' title='bbox 237 3315 305 3368; x_wconf 89' lang='lat' dir='ltr'><strong>dicit</strong></span> <span class='ocrx_word' id='word_1_336' title='bbox 322 3316 344 3368; x_wconf 92' lang='lat' dir='ltr'><strong>I.</strong></span> <span class='ocrx_word' id='word_1_337' title='bbox 362 3316 408 3378; x_wconf 76' lang='lat'><strong>23,</strong></span> <span class='ocrx_word' id='word_1_338' title='bbox 435 3315 509 3370; x_wconf 88' lang='lat' dir='ltr'><strong>idem</strong></span> <span class='ocrx_word' id='word_1_339' title='bbox 532 3333 566 3372; x_wconf 90' lang='lat' dir='ltr'><strong>uc</strong></span> <span class='ocrx_word' id='word_1_340' title='bbox 590 3317 678 3372; x_wconf 87' lang='lat' dir='ltr'><strong>refert</strong></span> <span class='ocrx_word' id='word_1_341' title='bbox 694 3266 805 3387; x_wconf 60' lang='lat' dir='ltr'><strong>illaqui</strong></span> <span class='ocrx_word' id='word_1_342' title='bbox 816 3318 900 3371; x_wconf 89' lang='lat' dir='ltr'><strong>licere</strong></span> <span class='ocrx_word' id='word_1_343' title='bbox 912 3315 965 3371; x_wconf 88' lang='lat' dir='ltr'><strong>sibi</strong></span> <span class='ocrx_word' id='word_1_344' title='bbox 995 3318 1094 3385; x_wconf 86' lang='lat' dir='ltr'><strong>utavit,</strong></span> <span class='ocrx_word' id='word_1_345' title='bbox 1105 3318 1135 3372; x_wconf 88' lang='lat' dir='ltr'><strong>in</strong></span> <span class='ocrx_word' id='word_1_346' title='bbox 1148 3318 1234 3371; x_wconf 88' lang='lat' dir='ltr'><strong>rebus</strong></span> 
     </span>
     <span class='ocr_line' id='line_1_38' title="bbox 137 3334 1236 3452; baseline 0.002 -16"><span class='ocrx_word' id='word_1_347' title='bbox 137 3383 363 3452; x_wconf 81' lang='lat' dir='ltr'><strong>App.b.c.ll.38.</strong></span> <span class='ocrx_word' id='word_1_348' title='bbox 373 3334 548 3438; x_wconf 61' lang='lat' dir='ltr'><strong>Dubitandc</strong></span> <span class='ocrx_word' id='word_1_349' title='bbox 558 3385 676 3441; x_wconf 87' lang='lat' dir='ltr'><strong>veritate</strong></span> <span class='ocrx_word' id='word_1_350' title='bbox 695 3385 848 3439; x_wconf 89' lang='lat' dir='ltr'><strong>levioribus</strong></span> <span class='ocrx_word' id='word_1_351' title='bbox 862 3402 918 3439; x_wconf 88' lang='lat' dir='ltr'><strong>non</strong></span> <span class='ocrx_word' id='word_1_352' title='bbox 936 3385 962 3438; x_wconf 82' lang='lat' dir='ltr'><strong>vi</strong></span> <span class='ocrx_word' id='word_1_353' title='bbox 985 3391 1047 3440; x_wconf 91' lang='lat' dir='ltr'><strong>etur</strong></span> <span class='ocrx_word' id='word_1_354' title='bbox 1064 3385 1236 3441; x_wconf 88' lang='lat' dir='ltr'><strong>verecundia</strong></span> 
     </span>
     <span class='ocr_line' id='line_1_39' title="bbox 136 3451 1233 3572; baseline 0.003 -68"><span class='ocrx_word' id='word_1_355' title='bbox 136 3456 240 3572; x_wconf 57' lang='lat' dir='ltr'><strong>potest,</strong></span> <span class='ocrx_word' id='word_1_356' title='bbox 255 3467 318 3506; x_wconf 91' lang='lat' dir='ltr'><strong>cum</strong></span> <span class='ocrx_word' id='word_1_357' title='bbox 328 3451 427 3506; x_wconf 89' lang='lat' dir='ltr'><strong>Cicero</strong></span> <span class='ocrx_word' id='word_1_358' title='bbox 438 3468 481 3522; x_wconf 89' lang='lat' dir='ltr'><strong>ep.</strong></span> <span class='ocrx_word' id='word_1_359' title='bbox 492 3452 675 3508; x_wconf 83' lang='lat' dir='ltr'><strong>adAtt.Vlll.</strong></span> <span class='ocrx_word' id='word_1_360' title='bbox 695 3453 779 3507; x_wconf 74' lang='lat' dir='ltr'><strong>aseri</strong></span> <span class='ocrx_word' id='word_1_361' title='bbox 791 3453 1025 3522; x_wconf 86' lang='lat' dir='ltr'><strong>dissimulatione,</strong></span> <span class='ocrx_word' id='word_1_362' title='bbox 1045 3453 1068 3507; x_wconf 91' lang='lat' dir='ltr'><strong>si</strong></span> <span class='ocrx_word' id='word_1_363' title='bbox 1078 3470 1124 3508; x_wconf 89' lang='lat' dir='ltr'><strong>res</strong></span> <span class='ocrx_word' id='word_1_364' title='bbox 1138 3453 1233 3516; x_wconf 79' lang='lat' dir='ltr'><strong>ferret,</strong></span> 
     </span>
     <span class='ocr_line' id='line_1_40' title="bbox 152 3520 1234 3591; baseline 0.001 -19"><span class='ocrx_word' id='word_1_365' title='bbox 152 3520 257 3574; x_wconf 75' lang='lat' dir='ltr'><strong>dextr.</strong></span> <span class='ocrx_word' id='word_1_366' title='bbox 280 3536 338 3574; x_wconf 90' lang='lat' dir='ltr'><strong>non</strong></span> <span class='ocrx_word' id='word_1_367' title='bbox 357 3537 420 3575; x_wconf 88' lang='lat' dir='ltr'><strong>esse</strong></span> <span class='ocrx_word' id='word_1_368' title='bbox 438 3521 576 3575; x_wconf 87' lang='lat' dir='ltr'><strong>redditam</strong></span> <span class='ocrx_word' id='word_1_369' title='bbox 592 3539 675 3590; x_wconf 94' lang='lat' dir='ltr'><strong>pccu·</strong></span> <span class='ocrx_word' id='word_1_370' title='bbox 694 3522 853 3590; x_wconf 88' lang='lat' dir='ltr'><strong>prohibitus</strong></span> <span class='ocrx_word' id='word_1_371' title='bbox 863 3538 934 3576; x_wconf 88' lang='lat' dir='ltr'><strong>esee.</strong></span> <span class='ocrx_word' id='word_1_372' title='bbox 961 3521 1067 3591; x_wconf 82' lang='lat' dir='ltr'><strong>Legem</strong></span> <span class='ocrx_word' id='word_1_373' title='bbox 1077 3523 1113 3576; x_wconf 89' lang='lat' dir='ltr'><strong>de</strong></span> <span class='ocrx_word' id='word_1_374' title='bbox 1143 3520 1234 3576; x_wconf 84' lang='lat' dir='ltr'><strong>rovin-</strong></span> 
     </span>
     <span class='ocr_line' id='line_1_41' title="bbox 136 3587 1234 3670; baseline 0.001 -28"><span class='ocrx_word' id='word_1_375' title='bbox 136 3587 310 3658; x_wconf 87' lang='lat' dir='ltr'><strong>niamdicat,</strong></span> <span class='ocrx_word' id='word_1_376' title='bbox 326 3605 508 3670; x_wconf 83' lang='lat' dir='ltr'><strong>quamquam,</strong></span> <span class='ocrx_word' id='word_1_377' title='bbox 523 3591 677 3660; x_wconf 86' lang='lat' dir='ltr'><strong>qooutitur</strong></span> <span class='ocrx_word' id='word_1_378' title='bbox 694 3588 745 3643; x_wconf 93' lang='lat' dir='ltr'><strong>ciis</strong></span> <span class='ocrx_word' id='word_1_379' title='bbox 764 3590 870 3644; x_wconf 85' lang='lat' dir='ltr'><strong>tulerat</strong></span> <span class='ocrx_word' id='word_1_380' title='bbox 888 3589 1039 3658; x_wconf 88' lang='lat' dir='ltr'><strong>Pompeius</strong></span> <span class='ocrx_word' id='word_1_381' title='bbox 1057 3607 1082 3644; x_wconf 86' lang='lat' dir='ltr'><strong>a</strong></span> <span class='ocrx_word' id='word_1_382' title='bbox 1141 3632 1148 3658; x_wconf 99' lang='lat'><strong>,</strong></span> <span class='ocrx_word' id='word_1_383' title='bbox 1177 3604 1234 3659; x_wconf 79' lang='lat' dir='ltr'><strong>qus</strong></span> 
     </span>
     <span class='ocr_line' id='line_1_42' title="bbox 136 3657 1235 3729; baseline -0.003 -17"><span class='ocrx_word' id='word_1_384' title='bbox 136 3663 265 3726; x_wconf 90' lang='lat' dir='ltr'><strong>auctore,</strong></span> <span class='ocrx_word' id='word_1_385' title='bbox 284 3657 326 3712; x_wconf 90' lang='lat' dir='ltr'><strong>Le</strong></span> <span class='ocrx_word' id='word_1_386' title='bbox 348 3658 412 3711; x_wconf 90' lang='lat' dir='ltr'><strong>idua</strong></span> <span class='ocrx_word' id='word_1_387' title='bbox 426 3674 483 3712; x_wconf 90' lang='lat' dir='ltr'><strong>non</strong></span> <span class='ocrx_word' id='word_1_388' title='bbox 497 3665 676 3729; x_wconf 76' lang='lat' dir='ltr'><strong>incorruptus</strong></span> <span class='ocrx_word' id='word_1_389' title='bbox 695 3664 822 3711; x_wconf 87' lang='lat' dir='ltr'><strong>sanctum</strong></span> <span class='ocrx_word' id='word_1_390' title='bbox 841 3664 897 3725; x_wconf 89' lang='lat' dir='ltr'><strong>est,</strong></span> <span class='ocrx_word' id='word_1_391' title='bbox 935 3665 967 3712; x_wconf 92' lang='lat' dir='ltr'><strong>ut</strong></span> <span class='ocrx_word' id='word_1_392' title='bbox 988 3657 1037 3728; x_wconf 90' lang='lat' dir='ltr'><strong>qui</strong></span> <span class='ocrx_word' id='word_1_393' title='bbox 1054 3657 1188 3712; x_wconf 88' lang='lat' dir='ltr'><strong>consules</strong></span> <span class='ocrx_word' id='word_1_394' title='bbox 1205 3661 1235 3710; x_wconf 92' lang='lat' dir='ltr'><strong>et</strong></span> 
     </span>
     <span class='ocr_line' id='line_1_43' title="bbox 136 3675 1234 3807; baseline -0.002 -28"><span class='ocrx_word' id='word_1_395' title='bbox 136 3726 216 3781; x_wconf 90' lang='lat' dir='ltr'><strong>testis</strong></span> <span class='ocrx_word' id='word_1_396' title='bbox 226 3726 315 3781; x_wconf 88' lang='lat' dir='ltr'><strong>videri</strong></span> <span class='ocrx_word' id='word_1_397' title='bbox 326 3675 421 3794; x_wconf 60' lang='lat' dir='ltr'><strong>debet,</strong></span> <span class='ocrx_word' id='word_1_398' title='bbox 428 3726 561 3799; x_wconf 84' lang='lat' dir='ltr'><strong>credique</strong></span> <span class='ocrx_word' id='word_1_399' title='bbox 571 3733 675 3807; x_wconf 87' lang='lat' dir='ltr'><strong>potest,</strong></span> <span class='ocrx_word' id='word_1_400' title='bbox 694 3733 839 3795; x_wconf 85' lang='lat' dir='ltr'><strong>praetores</strong></span> <span class='ocrx_word' id='word_1_401' title='bbox 849 3726 979 3790; x_wconf 88' lang='lat' dir='ltr'><strong>fuissent,</strong></span> <span class='ocrx_word' id='word_1_402' title='bbox 993 3743 1050 3779; x_wconf 90' lang='lat' dir='ltr'><strong>non</strong></span> <span class='ocrx_word' id='word_1_403' title='bbox 1061 3726 1156 3781; x_wconf 88' lang='lat' dir='ltr'><strong>statim</strong></span> <span class='ocrx_word' id='word_1_404' title='bbox 1187 3730 1234 3779; x_wconf 91' lang='lat' dir='ltr'><strong>ost</strong></span> 
     </span>
     <span class='ocr_line' id='line_1_44' title="bbox 135 3794 1233 3915; baseline -0.001 -68"><span class='ocrx_word' id='word_1_405' title='bbox 135 3795 164 3848; x_wconf 91' lang='lat' dir='ltr'><strong>in</strong></span> <span class='ocrx_word' id='word_1_406' title='bbox 192 3795 286 3848; x_wconf 85' lang='lat' dir='ltr'><strong>multis</strong></span> <span class='ocrx_word' id='word_1_407' title='bbox 312 3796 369 3850; x_wconf 92' lang='lat' dir='ltr'><strong>boo</strong></span> <span class='ocrx_word' id='word_1_408' title='bbox 392 3794 480 3850; x_wconf 84' lang='lat' dir='ltr'><strong>luisse</strong></span> <span class='ocrx_word' id='word_1_409' title='bbox 503 3795 675 3865; x_wconf 79' lang='lat' dir='ltr'><strong>criminibus,</strong></span> <span class='ocrx_word' id='word_1_410' title='bbox 694 3801 803 3915; x_wconf 52' lang='lat' dir='ltr'><strong>§cetum</strong></span> <span class='ocrx_word' id='word_1_411' title='bbox 818 3795 1027 3865; x_wconf 79' lang='lat' dir='ltr'><strong>magistratum,</strong></span> <span class='ocrx_word' id='word_1_412' title='bbox 1051 3810 1154 3865; x_wconf 86' lang='lat' dir='ltr'><strong>quema</strong></span> <span class='ocrx_word' id='word_1_413' title='bbox 1176 3808 1233 3846; x_wconf 91' lang='lat' dir='ltr'><strong>mo·</strong></span> 
     </span>
     <span class='ocr_line' id='line_1_45' title="bbox 136 3860 1234 3933; baseline -0.002 -18"><span class='ocrx_word' id='word_1_414' title='bbox 136 3863 239 3932; x_wconf 89' lang='lat' dir='ltr'><strong>quibus</strong></span> <span class='ocrx_word' id='word_1_415' title='bbox 266 3863 417 3919; x_wconf 89' lang='lat' dir='ltr'><strong>Caesarem</strong></span> <span class='ocrx_word' id='word_1_416' title='bbox 444 3864 600 3918; x_wconf 90' lang='lat' dir='ltr'><strong>obruerunt</strong></span> <span class='ocrx_word' id='word_1_417' title='bbox 625 3863 675 3917; x_wconf 91' lang='lat' dir='ltr'><strong>ini·</strong></span> <span class='ocrx_word' id='word_1_418' title='bbox 713 3880 757 3915; x_wconf 92' lang='lat' dir='ltr'><strong>um</strong></span> <span class='ocrx_word' id='word_1_419' title='bbox 769 3862 804 3915; x_wconf 88' lang='lat' dir='ltr'><strong>ad</strong></span> <span class='ocrx_word' id='word_1_420' title='bbox 816 3862 845 3915; x_wconf 91' lang='lat' dir='ltr'><strong>id</strong></span> <span class='ocrx_word' id='word_1_421' title='bbox 855 3871 965 3933; x_wconf 90' lang='lat' dir='ltr'><strong>tempus</strong></span> <span class='ocrx_word' id='word_1_422' title='bbox 974 3879 1028 3916; x_wconf 90' lang='lat' dir='ltr'><strong>usu</strong></span> <span class='ocrx_word' id='word_1_423' title='bbox 1037 3868 1163 3931; x_wconf 82' lang='lat' dir='ltr'><strong>venerat,</strong></span> <span class='ocrx_word' id='word_1_424' title='bbox 1183 3860 1234 3915; x_wconf 91' lang='lat' dir='ltr'><strong>sed</strong></span> 
     </span>
     <span class='ocr_line' id='line_1_46' title="bbox 136 3930 1233 4010; baseline 0 -28"><span class='ocrx_word' id='word_1_425' title='bbox 136 3930 209 3983; x_wconf 79' lang='lat' dir='ltr'><strong>mici.</strong></span> <span class='ocrx_word' id='word_1_426' title='bbox 235 3931 323 3986; x_wconf 83' lang='lat' dir='ltr'><strong>Exeo</strong></span> <span class='ocrx_word' id='word_1_427' title='bbox 334 3948 412 3992; x_wconf 81' lang='lat' dir='ltr'><strong>sane,</strong></span> <span class='ocrx_word' id='word_1_428' title='bbox 427 3933 517 4004; x_wconf 90' lang='lat' dir='ltr'><strong>quod,</strong></span> <span class='ocrx_word' id='word_1_429' title='bbox 528 3932 676 3986; x_wconf 90' lang='lat' dir='ltr'><strong>siretinuit</strong></span> <span class='ocrx_word' id='word_1_430' title='bbox 694 3930 884 4010; x_wconf 84' lang='lat' dir='ltr'><strong>quinquennio</strong></span> <span class='ocrx_word' id='word_1_431' title='bbox 907 3938 973 4001; x_wconf 83' lang='lat' dir='ltr'><strong>past</strong></span> <span class='ocrx_word' id='word_1_432' title='bbox 994 3931 1157 4000; x_wconf 87' lang='lat' dir='ltr'><strong>provincias</strong></span> <span class='ocrx_word' id='word_1_433' title='bbox 1174 3945 1233 3983; x_wconf 89' lang='lat' dir='ltr'><strong>sor·</strong></span> 
     </span>
     <span class='ocr_line' id='line_1_47' title="bbox 135 3996 1233 4079; baseline 0.002 -30"><span class='ocrx_word' id='word_1_434' title='bbox 135 3997 297 4079; x_wconf 74' lang='lat' dir='ltr'><strong>pecuniam,</strong></span> <span class='ocrx_word' id='word_1_435' title='bbox 316 4016 373 4053; x_wconf 90' lang='lat' dir='ltr'><strong>non</strong></span> <span class='ocrx_word' id='word_1_436' title='bbox 387 3999 513 4069; x_wconf 91' lang='lat' dir='ltr'><strong>silentio,</strong></span> <span class='ocrx_word' id='word_1_437' title='bbox 538 4000 614 4072; x_wconf 91' lang='lat' dir='ltr'><strong>quod</strong></span> <span class='ocrx_word' id='word_1_438' title='bbox 628 4018 674 4071; x_wconf 88' lang='lat' dir='ltr'><strong>po·</strong></span> <span class='ocrx_word' id='word_1_439' title='bbox 693 4004 818 4052; x_wconf 87' lang='lat' dir='ltr'><strong>trrerrtur.</strong></span> <span class='ocrx_word' id='word_1_440' title='bbox 854 4000 913 4053; x_wconf 87' lang='lat' dir='ltr'><strong>Iam</strong></span> <span class='ocrx_word' id='word_1_441' title='bbox 928 3998 1033 4053; x_wconf 86' lang='lat' dir='ltr'><strong>Caesar</strong></span> <span class='ocrx_word' id='word_1_442' title='bbox 1046 3998 1068 4052; x_wconf 90' lang='lat'><strong>1.</strong></span> <span class='ocrx_word' id='word_1_443' title='bbox 1081 3999 1111 4069; x_wconf 84' lang='lat'><strong>6,</strong></span> <span class='ocrx_word' id='word_1_444' title='bbox 1129 3996 1178 4052; x_wconf 90' lang='lat' dir='ltr'><strong>ubi</strong></span> <span class='ocrx_word' id='word_1_445' title='bbox 1192 3997 1233 4051; x_wconf 90' lang='lat' dir='ltr'><strong>in·</strong></span> 
     </span>
     <span class='ocr_line' id='line_1_48' title="bbox 136 4065 1234 4136; baseline 0.002 -19"><span class='ocrx_word' id='word_1_446' title='bbox 136 4071 202 4130; x_wconf 87' lang='lat' dir='ltr'><strong>turt,</strong></span> <span class='ocrx_word' id='word_1_447' title='bbox 238 4069 308 4119; x_wconf 81' lang='lat' dir='ltr'><strong>terri</strong></span> <span class='ocrx_word' id='word_1_448' title='bbox 335 4083 394 4120; x_wconf 91' lang='lat' dir='ltr'><strong>rem</strong></span> <span class='ocrx_word' id='word_1_449' title='bbox 421 4069 581 4136; x_wconf 87' lang='lat' dir='ltr'><strong>molestam,</strong></span> <span class='ocrx_word' id='word_1_450' title='bbox 617 4087 674 4123; x_wconf 88' lang='lat' dir='ltr'><strong>uon</strong></span> <span class='ocrx_word' id='word_1_451' title='bbox 693 4066 778 4121; x_wconf 84' lang='lat' dir='ltr'><strong>iuriae</strong></span> <span class='ocrx_word' id='word_1_452' title='bbox 789 4073 818 4120; x_wconf 91' lang='lat' dir='ltr'><strong>et</strong></span> <span class='ocrx_word' id='word_1_453' title='bbox 827 4067 1050 4122; x_wconf 88' lang='lat' dir='ltr'><strong>machinationes</strong></span> <span class='ocrx_word' id='word_1_454' title='bbox 1061 4065 1189 4135; x_wconf 83' lang='lat' dir='ltr'><strong>Pompeii</strong></span> <span class='ocrx_word' id='word_1_455' title='bbox 1204 4072 1234 4120; x_wconf 90' lang='lat' dir='ltr'><strong>ct</strong></span> 
     </span>
     <span class='ocr_line' id='line_1_49' title="bbox 135 4133 1232 4211; baseline 0.002 -26"><span class='ocrx_word' id='word_1_456' title='bbox 135 4137 231 4211; x_wconf 79' lang='lat' dir='ltr'><strong>potest</strong></span> <span class='ocrx_word' id='word_1_457' title='bbox 239 4133 364 4201; x_wconf 92' lang='lat' dir='ltr'><strong>probari,</strong></span> <span class='ocrx_word' id='word_1_458' title='bbox 377 4137 603 4191; x_wconf 82' lang='lat' dir='ltr'><strong>veraaCacsaro</strong></span> <span class='ocrx_word' id='word_1_459' title='bbox 613 4155 674 4190; x_wconf 90' lang='lat' dir='ltr'><strong>nar·</strong></span> <span class='ocrx_word' id='word_1_460' title='bbox 694 4139 808 4190; x_wconf 87' lang='lat' dir='ltr'><strong>senatus</strong></span> <span class='ocrx_word' id='word_1_461' title='bbox 831 4141 991 4204; x_wconf 85' lang='lat' dir='ltr'><strong>enumerat,</strong></span> <span class='ocrx_word' id='word_1_462' title='bbox 1019 4135 1047 4188; x_wconf 91' lang='lat' dir='ltr'><strong>in</strong></span> <span class='ocrx_word' id='word_1_463' title='bbox 1069 4135 1157 4189; x_wconf 88' lang='lat' dir='ltr'><strong>rebus</strong></span> <span class='ocrx_word' id='word_1_464' title='bbox 1174 4150 1232 4187; x_wconf 89' lang='lat' dir='ltr'><strong>non</strong></span> 
     </span>
     <span class='ocr_line' id='line_1_50' title="bbox 136 4201 1232 4274; baseline 0.005 -23"><span class='ocrx_word' id='word_1_465' title='bbox 136 4216 204 4266; x_wconf 88' lang='lat' dir='ltr'><strong>ran,</strong></span> <span class='ocrx_word' id='word_1_466' title='bbox 243 4215 305 4252; x_wconf 90' lang='lat' dir='ltr'><strong>cum</strong></span> <span class='ocrx_word' id='word_1_467' title='bbox 331 4201 502 4268; x_wconf 88' lang='lat' dir='ltr'><strong>nesciamus,</strong></span> <span class='ocrx_word' id='word_1_468' title='bbox 539 4213 674 4274; x_wconf 86' lang='lat' dir='ltr'><strong>quantum</strong></span> <span class='ocrx_word' id='word_1_469' title='bbox 693 4202 826 4272; x_wconf 88' lang='lat' dir='ltr'><strong>legitimis</strong></span> <span class='ocrx_word' id='word_1_470' title='bbox 853 4210 1054 4258; x_wconf 88' lang='lat' dir='ltr'><strong>commemorat</strong></span> <span class='ocrx_word' id='word_1_471' title='bbox 1079 4203 1232 4273; x_wconf 83' lang='lat' dir='ltr'><strong>prouincias</strong></span> 
     </span>
     <span class='ocr_line' id='line_1_51' title="bbox 136 4266 1232 4340; baseline 0.005 -20"><span class='ocrx_word' id='word_1_472' title='bbox 136 4267 197 4320; x_wconf 89' lang='lat' dir='ltr'><strong>cius</strong></span> <span class='ocrx_word' id='word_1_473' title='bbox 219 4266 379 4321; x_wconf 72' lang='lat' dir='ltr'><strong>interfuerit</strong></span> <span class='ocrx_word' id='word_1_474' title='bbox 401 4276 450 4321; x_wconf 86' lang='lat' dir='ltr'><strong>aut</strong></span> <span class='ocrx_word' id='word_1_475' title='bbox 474 4270 584 4339; x_wconf 88' lang='lat' dir='ltr'><strong>culpam</strong></span> <span class='ocrx_word' id='word_1_476' title='bbox 607 4289 625 4326; x_wconf 91' lang='lat' dir='ltr'><strong>a</strong></span> <span class='ocrx_word' id='word_1_477' title='bbox 644 4290 674 4328; x_wconf 89' lang='lat' dir='ltr'><strong>se</strong></span> <span class='ocrx_word' id='word_1_478' title='bbox 690 4273 831 4340; x_wconf 79' lang='lat' dir='ltr'><strong>priuatis</strong></span> <span class='ocrx_word' id='word_1_479' title='bbox 848 4274 957 4325; x_wconf 80' lang='lat' dir='ltr'><strong>decerni.</strong></span> <span class='ocrx_word' id='word_1_480' title='bbox 995 4274 1082 4327; x_wconf 80' lang='lat' dir='ltr'><strong>Ater</strong></span> <span class='ocrx_word' id='word_1_481' title='bbox 1098 4271 1150 4325; x_wconf 87' lang='lat' dir='ltr'><strong>ills</strong></span> <span class='ocrx_word' id='word_1_482' title='bbox 1167 4271 1232 4340; x_wconf 79' lang='lat' dir='ltr'><strong>lege</strong></span> 
     </span>
     <span class='ocr_line' id='line_1_52' title="bbox 135 4335 1231 4457; baseline 0.003 -69"><span class='ocrx_word' id='word_1_483' title='bbox 135 4335 258 4390; x_wconf 80' lang='lat' dir='ltr'><strong>amoveri</strong></span> <span class='ocrx_word' id='word_1_484' title='bbox 268 4366 301 4376; x_wconf 95' lang='lat'><em>-</em></span> <span class='ocrx_word' id='word_1_485' title='bbox 311 4335 476 4457; x_wconf 61' lang='lat' dir='ltr'><strong>Enneacrtim</strong></span> <span class='ocrx_word' id='word_1_486' title='bbox 485 4353 547 4391; x_wconf 89' lang='lat' dir='ltr'><strong>cum</strong></span> <span class='ocrx_word' id='word_1_487' title='bbox 558 4354 592 4392; x_wconf 91' lang='lat' dir='ltr'><strong>eo</strong></span> <span class='ocrx_word' id='word_1_488' title='bbox 606 4345 673 4394; x_wconf 89' lang='lat' dir='ltr'><strong>tem·</strong></span> <span class='ocrx_word' id='word_1_489' title='bbox 692 4356 749 4393; x_wconf 90' lang='lat' dir='ltr'><strong>non</strong></span> <span class='ocrx_word' id='word_1_490' title='bbox 755 4340 954 4419; x_wconf 83' lang='lat' dir='ltr'><strong>poterantnisi</strong></span> <span class='ocrx_word' id='word_1_491' title='bbox 962 4342 1061 4409; x_wconf 72' lang='lat' dir='ltr'><strong>privati</strong></span> <span class='ocrx_word' id='word_1_492' title='bbox 1071 4339 1231 4410; x_wconf 83' lang='lat' dir='ltr'><strong>provincias</strong></span> 
     </span>
     <span class='ocr_line' id='line_1_53' title="bbox 134 4405 1232 4483; baseline 0.005 -26"><span class='ocrx_word' id='word_1_493' title='bbox 134 4419 218 4473; x_wconf 88' lang='lat' dir='ltr'><strong>pore,</strong></span> <span class='ocrx_word' id='word_1_494' title='bbox 237 4420 294 4473; x_wconf 92' lang='lat' dir='ltr'><strong>quo</strong></span> <span class='ocrx_word' id='word_1_495' title='bbox 334 4419 385 4458; x_wconf 89' lang='lat' dir='ltr'><strong>aec</strong></span> <span class='ocrx_word' id='word_1_496' title='bbox 400 4405 526 4483; x_wconf 76' lang='lat' dir='ltr'><strong>scripsit,</strong></span> <span class='ocrx_word' id='word_1_497' title='bbox 546 4413 673 4461; x_wconf 90' lang='lat' dir='ltr'><strong>mortuus</strong></span> <span class='ocrx_word' id='word_1_498' title='bbox 693 4408 796 4462; x_wconf 77' lang='lat' dir='ltr'><strong>sortiri.</strong></span> <span class='ocrx_word' id='word_1_499' title='bbox 845 4408 943 4461; x_wconf 88' lang='lat' dir='ltr'><strong>Potuit</strong></span> <span class='ocrx_word' id='word_1_500' title='bbox 968 4408 1056 4478; x_wconf 80' lang='lat' dir='ltr'><strong>igitur</strong></span> <span class='ocrx_word' id='word_1_501' title='bbox 1080 4423 1232 4478; x_wconf 82' lang='lat' dir='ltr'><strong>perperam</strong></span> 
     </span>
     <span class='ocr_line' id='line_1_54' title="bbox 135 4470 1231 4546; baseline 0.003 -21"><span class='ocrx_word' id='word_1_502' title='bbox 135 4476 225 4540; x_wconf 86' lang='lat' dir='ltr'><strong>esset,</strong></span> <span class='ocrx_word' id='word_1_503' title='bbox 244 4488 331 4544; x_wconf 89' lang='lat' dir='ltr'><strong>aquo</strong></span> <span class='ocrx_word' id='word_1_504' title='bbox 347 4470 463 4525; x_wconf 85' lang='lat' dir='ltr'><strong>reiutarr</strong></span> <span class='ocrx_word' id='word_1_505' title='bbox 482 4479 595 4542; x_wconf 88' lang='lat' dir='ltr'><strong>posset,</strong></span> <span class='ocrx_word' id='word_1_506' title='bbox 613 4475 673 4529; x_wconf 91' lang='lat' dir='ltr'><strong>Do·</strong></span> <span class='ocrx_word' id='word_1_507' title='bbox 693 4476 778 4530; x_wconf 88' lang='lat' dir='ltr'><strong>latam</strong></span> <span class='ocrx_word' id='word_1_508' title='bbox 797 4476 902 4545; x_wconf 85' lang='lat' dir='ltr'><strong>legem,</strong></span> <span class='ocrx_word' id='word_1_509' title='bbox 930 4476 1023 4546; x_wconf 90' lang='lat' dir='ltr'><strong>potuit</strong></span> <span class='ocrx_word' id='word_1_510' title='bbox 1043 4477 1072 4529; x_wconf 91' lang='lat' dir='ltr'><strong>iu</strong></span> <span class='ocrx_word' id='word_1_511' title='bbox 1095 4475 1231 4531; x_wconf 82' lang='lat' dir='ltr'><strong>celatam</strong></span> 
     </span>
     <span class='ocr_line' id='line_1_55' title="bbox 135 4539 1230 4615; baseline 0.005 -24"><span class='ocrx_word' id='word_1_512' title='bbox 135 4539 229 4593; x_wconf 87' lang='lat' dir='ltr'><strong>mitius</strong></span> <span class='ocrx_word' id='word_1_513' title='bbox 243 4544 340 4595; x_wconf 88' lang='lat' dir='ltr'><strong>—aut</strong></span> <span class='ocrx_word' id='word_1_514' title='bbox 365 4539 567 4595; x_wconf 87' lang='lat' dir='ltr'><strong>continentiam</strong></span> <span class='ocrx_word' id='word_1_515' title='bbox 594 4560 673 4597; x_wconf 87' lang='lat' dir='ltr'><strong>suam</strong></span> <span class='ocrx_word' id='word_1_516' title='bbox 692 4543 800 4613; x_wconf 88' lang='lat' dir='ltr'><strong>dicere,</strong></span> <span class='ocrx_word' id='word_1_517' title='bbox 829 4546 879 4599; x_wconf 91' lang='lat' dir='ltr'><strong>sed</strong></span> <span class='ocrx_word' id='word_1_518' title='bbox 894 4545 972 4615; x_wconf 90' lang='lat' dir='ltr'><strong>quod</strong></span> <span class='ocrx_word' id='word_1_519' title='bbox 986 4545 1036 4599; x_wconf 92' lang='lat' dir='ltr'><strong>illo</strong></span> <span class='ocrx_word' id='word_1_520' title='bbox 1055 4550 1183 4613; x_wconf 88' lang='lat' dir='ltr'><strong>tempore</strong></span> <span class='ocrx_word' id='word_1_521' title='bbox 1197 4559 1230 4598; x_wconf 84' lang='lat' dir='ltr'><strong>ex</strong></span> 
     </span>
    </p>
   </div>
   <div class='ocr_carea' id='block_1_3' title="bbox 0 0 1374 5272">
    <p class='ocr_par' dir='ltr' id='par_1_3' title="bbox 0 0 1374 5272">
     <span class='ocr_line' id='line_1_56' title="bbox 0 0 1374 5272; baseline 0 2"><span class='ocrx_word' id='word_1_522' title='bbox 0 0 1374 5272; x_wconf 95' lang='lat' dir='ltr'><strong> </strong></span> 
     </span>
    </p>
   </div>
  </div>
 </body>
</html>
