2692 5206
432 799 550 856 count.
570 801 607 855 ll.
625 802 744 858 13-18.
1060 792 1102 855 35

65 944 209 1008 rumque
226 944 329 988 rerum
344 921 400 1009 [ad
412 923 567 988 luxuriam
581 924 814 1010 pertinentium]
830 925 946 1003 inferri,
965 926 1051 1009 quod
1063 927 1102 992 iis

68 1018 171 1084 rebus
192 1017 430 1104 relanguescere
453 1019 573 1082 animos
598 1017 734 1105 [eorum]
758 1030 789 1084 ct
815 1021 928 1084 remitti
955 1022 1100 1085 virtutem

70 1112 305 1178 existimarent:
327 1133 399 1176 esse
416 1111 558 1176 homines
577 1113 660 1177 feros
678 1135 873 1199 magnaeque
897 1115 1032 1179 virtutis:
1055 1115 1103 1179 in-

71 1206 230 1291 crepitare
252 1217 345 1288 atque
366 1205 510 1269 incusare
532 1206 668 1289 reliquos
690 1208 823 1292 Belgas,
849 1208 903 1291 qui
926 1230 960 1272 se
986 1209 1102 1293 populo

73 1299 224 1364 Romano
255 1298 448 1363 dedidissent
477 1300 671 1383 patriamque
705 1301 851 1365 virtutem
886 1302 1102 1386 proiecissent3

75 1392 264 1457 confirmare
280 1413 351 1457 sese
367 1414 469 1475 neque
487 1392 607 1477 legatos
625 1394 776 1458 missuros
794 1416 896 1477 neque
918 1395 1013 1459 ullam
1031 1417 1105 1459 con·

76 1486 237 1551 dicionem
254 1485 342 1570 pacis
360 1496 552 1570 accepturos.
584 1508 656 1550 cum
674 1509 729 1571 per
747 1510 855 1551 eorum
872 1488 950 1552 fines
969 1488 1106 1552 triduum
1127 1509 1156 1556 16

76 1581 139 1643 iter
155 1578 292 1655 fecisset,
311 1579 489 1644 inveniebat
503 1602 542 1643 ex
556 1581 688 1665 captivis
699 1580 810 1646 Sabim
822 1582 938 1646 flumen
948 1581 987 1647 ab
998 1583 1107 1646 castris
1156 1656 1159 1662 ¹

80 1674 150 1738 suis
170 1695 234 1737 non
256 1672 389 1758 amplius
412 1673 498 1738 milia
514 1696 666 1758 passuum
688 1675 796 1739 decem
819 1675 945 1740 abesse:
973 1686 1057 1740 trans
1075 1676 1108 1739 id

79 1766 201 1831 flumen
218 1787 327 1831 omnes
340 1766 473 1831 Nervios
491 1768 671 1833 consedisse
689 1768 920 1853 adventumque
934 1768 978 1833 ibi
991 1768 1109 1834 Roma·

79 1883 195 1925 norum
210 1870 391 1945 exspectare
404 1883 466 1925 una
480 1883 553 1926 curn
565 1861 725 1927 Atrebatis
745 1874 775 1927 ct
789 1863 1021 1940 Viromanduis,
1040 1864 1109 1928 fini·

80 1954 167 2019 timis
193 1954 260 2019 suis
287 1954 375 2037 (nam
400 1955 450 2019 his
476 1956 615 2039 utrisque
642 1968 874 2041 persuaserant,
906 1959 951 2022 uti
977 1958 1109 2023 eandem

80 2048 157 2114 belli
165 2048 324 2114 fortunam
333 2050 573 2135 experirentur);
591 2053 766 2136 exspectari
778 2054 872 2117 ctiam
886 2052 926 2117 ab
940 2053 989 2117 his
999 2051 1110 2116 Adua-

81 2158 227 2209 tuoorum
244 2144 350 2229 copias
368 2155 461 2229 atque
479 2168 549 2211 esse
567 2147 600 2210 in
617 2147 739 2212 itinere:
758 2149 903 2213 nudiores
922 2150 1037 2233 quique
1054 2171 1111 2233 per

82 2249 219 2303 aetatem
236 2238 278 2303 ad
290 2260 430 2324 pugnam
442 2239 567 2305 inutiles
581 2241 760 2307 viderentur
775 2243 809 2306 in
827 2265 899 2307 eum
917 2243 1021 2308 locum
1036 2265 1110 2307 con·

82 2332 210 2409 iecisse,
237 2353 301 2415 quo
323 2346 450 2418 propter
470 2333 602 2418 paludes
625 2335 773 2400 exercitui
796 2336 899 2401 aditus
926 2359 989 2401 non
1015 2348 1108 2401 esset.

83 2428 133 2493 his
150 2426 246 2493 rebus
265 2429 407 2515 cognitis,
426 2429 637 2515 exploratores
655 2432 911 2514 centurionesque
929 2431 1107 2516 praemittit,
1131 2451 1159 2496 1⁷

83 2521 139 2606 qui
163 2521 270 2587 locum
295 2522 441 2587 idoneum
467 2524 577 2588 eastris
604 2524 751 2610 deligant.
796 2548 868 2589 eum
890 2547 930 2588 ex
957 2524 1108 2589 dediticiis

84 2616 195 2702 Belgis
213 2616 403 2700 reliquisque
423 2614 523 2682 Gallis
542 2618 717 2703 complures
737 2619 907 2683 Caesarem
925 2620 1024 2682 secuti
1045 2641 1109 2681 una

85 2711 145 2774 iter
160 2709 315 2786 facerent,
334 2711 461 2794 quidam
479 2733 518 2775 cx
535 2711 599 2788 his,
618 2720 653 2776 ut
669 2723 779 2796 postea
796 2733 835 2775 ex
853 2712 984 2796 captivis
1003 2711 1110 2795 cogni-

86 2815 155 2868 tum
173 2814 237 2881 est,
261 2825 368 2868 eorum
387 2805 506 2869 dierum
524 2806 748 2870 consuetudine
770 2805 887 2869 itineris
910 2805 1008 2869 nostri
1026 2826 1114 2868 excr-

86 2898 167 2961 citus
190 2908 358 2982 perspecta
379 2910 469 2963 noete
491 2900 532 2963 ad
552 2899 685 2964 Nervios
713 2908 919 2983 pervenerunt
945 2908 1037 2980 atque
1064 2896 1113 2960 his

87 2991 339 3056 demonstrarunt
369 2992 449 3057 inter
479 2993 619 3079 singulas
651 2992 789 3078 legiones
820 2992 1113 3076 impedimentorum

87 3108 240 3194 magnum
257 3108 422 3151 numerum
440 3087 644 3163 intercedere,
667 3109 769 3170 neque
787 3109 857 3151 csse
875 3087 1043 3169 quiequam
1060 3107 1114 3149 ne-

87 3179 180 3266 gotii,
207 3200 280 3244 cum
297 3180 399 3264 prima
415 3180 528 3288 legio'
519 3205 552 3245 1n
570 3192 673 3245 castra
694 3181 832 3245 venisset
853 3180 1051 3289 reliquaeque
1070 3180 1113 3244 lc-

87 3275 201 3382 giones
218 3296 368 3359 magnum
385 3275 521 3359 spatium
539 3274 694 3347 abessent,
713 3275 794 3340 hanc
812 3274 871 3339 sub
891 3274 1020 3339 sarcinis
1039 3275 1113 3338 ado-

10 3388 15 3395 ·
87 3367 155 3444 riri;
192 3388 257 3450 qua
284 3367 377 3452 pulsa
406 3368 697 3453 impedimentisque
728 3369 856 3454 direptis
888 3369 1113 3445 futurum,ut

87 3461 228 3545 reliquae
247 3472 354 3525 contra
371 3463 540 3527 consistere
557 3486 620 3527 non
638 3463 796 3527 auderent.
833 3462 1002 3527 adiuvabat
1020 3463 1113 3527 ctiam

90 3578 201 3621 eormn
217 3554 396 3632 eonsilium,
422 3557 560 3639 quirem
583 3556 777 3632 deferebant,
805 3557 890 3640 quod
906 3557 1013 3621 Nervii
1037 3556 1115 3619 anti-

90 3650 214 3734 quitus,
241 3670 315 3713 cum
336 3650 475 3733 equitatu
496 3650 573 3714 nihil
595 3660 723 3735 possent
750 3650 865 3733 (neque
888 3651 971 3714 enim
993 3649 1033 3712 ad
1055 3649 1115 3712 hoc

92 3758 217 3830 tempus
235 3743 266 3807 ci
282 3743 327 3808 rei
345 3745 483 3821 student,
503 3745 573 3821 sed,
591 3744 740 3827 quiequid
757 3754 902 3829 possunt,
921 3741 1115 3828 pedestribus

91 3837 198 3902 valent
215 3838 337 3923 copiis),
356 3859 420 3921 quo
436 3838 559 3903 facilius
573 3838 773 3902 finitimorum
788 3838 968 3920 equitatum,
989 3837 1015 3900 si
1028 3858 1117 3920 prac-

92 3931 189 3997 dandi
206 3952 303 3997 eausa
320 3931 361 3996 ad
378 3954 432 3997 eos
447 3933 594 4008 venisset,
612 3932 806 4016 impedirent,
826 3931 939 3996 teneris
954 3929 1116 3994 arboribus

93 4027 201 4091 incisis
218 4036 312 4110 atque
332 4025 469 4113 [inflexis
488 4025 619 4111 crebris]
638 4027 670 4089 in
692 4026 887 4090 latitudinem
905 4026 999 4089 ramis
1018 4025 1116 4089 enatis

93 4134 123 4184 et
140 4119 230 4185 rubis
249 4120 451 4205 sentibusque
469 4120 637 4184 interiectis
660 4120 841 4196 effecerant,
868 4130 902 4183 ut
924 4119 1021 4182 instar
1038 4118 1118 4182 muri

94 4214 153 4279 bae
170 4236 265 4301 sepes
281 4216 474 4279 munimenta
491 4214 688 4299 praeberent,
712 4236 773 4296 quo
795 4236 859 4277 non
881 4213 974 4277 modo
991 4236 1054 4276 non
1072 4214 1118 4276 in-

94 4309 182 4386 trari,
205 4309 263 4374 sed
279 4331 319 4373 ne
336 4309 472 4395 perspici
489 4309 616 4392 quidem
633 4318 749 4392 posset.
793 4307 842 4371 lris
860 4306 952 4371 rebus
971 4329 1043 4370 eum
1061 4308 1119 4372 iter

93 4403 229 4491 agminis
252 4404 350 4469 nostri
375 4403 590 4488 impediretur,
618 4426 681 4466 non
707 4401 912 4467 omittendum
935 4401 995 4465 sibi
1017 4402 1118 4466 consi-

94 4496 169 4562 lium
186 4497 295 4563 Nervii
312 4498 578 4562 existimaverunt.
622 4496 683 4561 loci
700 4506 811 4559 natura
828 4506 893 4559 erat
911 4495 1001 4572 haec,
1024 4518 1118 4578 quem
1138 4512 1168 4559 18

94 4590 199 4659 locum
215 4592 315 4658 nostri
332 4593 443 4658 castris
460 4591 648 4679 delegerant.
692 4591 779 4656 collis
799 4590 838 4654 ab
857 4613 980 4655 summo
1002 4612 1116 4673 aequa-

914 4690 948 4741 3*
