2692 5206
498 788 616 845 coitu.
633 791 656 845 1.
673 791 791 847 42-45.
1088 780 1149 847 197

106 913 265 996 regionis
283 913 505 998 antesignanos
523 935 702 998 procurrere
724 925 817 996 atque
835 937 907 978 eum
929 916 1082 981 tumulum
1099 939 1152 982 oc-

106 1027 248 1092 cupare
270 1007 366 1072 iubet.
407 1029 470 1090 qua
490 1029 524 1071 rc
546 1010 670 1093 cognita
691 1008 830 1072 celeriter
855 1031 934 1092 quae
960 1010 993 1073 in
1019 1011 1152 1076 statione

108 1120 194 1184 pro
210 1102 317 1166 castris
335 1111 423 1165 erant
435 1100 560 1165 Afranii
578 1102 718 1166 cohortes
738 1101 877 1167 breviore
894 1103 1001 1168 itincre
1018 1105 1060 1169 ad
1076 1127 1152 1170 eun-

114 1193 209 1259 dern
228 1197 445 1282 occupandum
466 1196 569 1260 locurn
591 1197 761 1260 mittuntur.
807 1197 1001 1261 contenditur
1025 1198 1150 1282 proelio,

120 1298 161 1351 et
185 1291 268 1373 quod
289 1290 375 1375 prius
393 1291 426 1353 in
444 1290 597 1354 tumulum
615 1290 780 1354 Afraniani
801 1301 964 1368 venerant,
990 1293 1086 1356 nostri
1103 1315 1151 1357 re·

122 1383 289 1466 pelluntur
315 1394 409 1466 atquc
436 1383 503 1447 aliis
536 1385 711 1448 summissis
742 1384 888 1449 subsidiis
920 1395 1008 1470 terga
1033 1395 1151 1449 vertere

128 1497 231 1560 seque
251 1477 292 1543 ed
314 1478 405 1563 signa
425 1478 584 1563 legionum
605 1480 741 1563 recipere
764 1489 925 1565 coguntur.
960 1500 1060 1564 genus
1087 1489 1201 1545 crater

131 1590 258 1656 pugnae
275 1572 408 1635 militum
426 1572 563 1649 illorum,
586 1585 620 1635 ut
638 1595 751 1658 magno
770 1573 887 1656 impetu
908 1573 1008 1658 primo
1025 1594 1152 1657 procur-

136 1675 246 1740 rerent,
263 1665 411 1728 audacter
427 1665 531 1729 locum
549 1678 703 1750 caperent,
722 1667 845 1730 ordines
860 1688 933 1730 suos
947 1688 1010 1730 non
1023 1688 1153 1751 magno-

139 1773 211 1836 pere
223 1769 387 1834 scrvarent,
406 1758 467 1822 rari
480 1759 672 1843 dispersique
685 1769 858 1845 pugnarent
863 1784 873 1836 ;
891 1759 917 1824 si
931 1770 1150 1843 premerentur,

144 1850 246 1930 pedem
258 1852 373 1917 rescire
387 1863 417 1916 et
431 1852 500 1917 ioco
513 1854 663 1917 excedere
677 1877 738 1917 nou
753 1869 841 1938 turpe
855 1855 1066 1919 existimarent
1079 1877 1151 1919 cum

147 1938 296 2010 Lusitanis
321 1946 509 2028 reliquisque
541 1946 680 2011 barbaris
713 1947 844 2011 barbaro
874 1969 989 2033 genere
1014 1947 1150 2031 quodam

151 2051 258 2121 pugnae
275 2038 443 2103 assuefacti
449 2064 458 2116 ;
485 2040 570 2122 quod
587 2040 651 2105 fere
669 2040 716 2117 fit,
740 2040 853 2124 quibus
871 2041 1003 2124 quisque
1025 2040 1058 2105 in
1073 2039 1150 2105 locis

155 2127 226 2195 miles
241 2132 466 2209 inveteraverit,
485 2144 519 2196 ut
536 2133 668 2197 multum
686 2157 792 2197 carum
808 2135 970 2220 regionum
986 2144 1151 2198 consuetu·

158 2217 212 2287 line
231 2236 400 2290 moveatur.
444 2226 523 2291 haec
549 2236 615 2290 tum
639 2227 717 2291 ratio
740 2237 862 2292 nostros
887 2226 1079 2312 perturbavit
1104 2226 1151 2291 in-

161 2327 240 2382 suetos
265 2319 358 2385 huius
389 2321 512 2405 generis
543 2342 682 2405 pugnae:
717 2321 870 2386 circumiri
900 2322 983 2385 enim
1015 2342 1083 2385 sese
1110 2319 1149 2385 ab

159 2421 240 2491 tperto
264 2412 360 2477 latere
385 2414 636 2499 procurrentibus
663 2414 794 2498 singulis
820 2414 1060 2491 arbitrabantur;
1090 2413 1150 2499 ipsi

160 2513 238 2570 utam
262 2528 338 2572 suos
365 2508 488 2572 ordines
516 2529 638 2573 servare
664 2530 765 2592 neque
796 2507 836 2573 ab
867 2508 965 2594 signis
992 2507 1151 2572 discedere

160 2613 234 2680 teque
250 2600 317 2665 sine
336 2602 425 2686 gravi
437 2624 532 2666 causa
545 2624 616 2666 eum
629 2602 742 2678 locum,
760 2623 854 2684 quem
867 2612 1020 2686 ceperant,
1039 2602 1150 2666 dimitti

159 2705 319 2759 censuerant
337 2707 486 2781 oportere.
513 2696 617 2779 itaque
635 2695 821 2780 perturbatis
835 2696 1045 2780 antesignanis
1058 2695 1150 2781 legia,

159 2799 216 2863 qtae
234 2787 267 2851 in
288 2811 326 2852 eo
348 2811 444 2853 cornu
465 2790 658 2865 constiterat,
681 2789 785 2853 locum
806 2810 868 2852 non
890 2789 988 2852 tenuit
1009 2799 1102 2871 atque
1119 2788 1151 2851 in

158 2880 308 2957 pannum
331 2882 440 2947 collem
464 2906 533 2948 sese
555 2883 680 2967 recepit.
717 2882 836 2948 Cacsar
856 2904 955 2967 paene
977 2883 1062 2946 omni
1083 2881 1148 2946 acie
1168 2902 1201 2948 45

159 2976 304 3054 perterrita,
328 2977 412 3060 quod
428 2989 550 3061 practer
567 2979 744 3063 opinionem
761 2977 1079 3059 consuetudinemque
1100 2997 1152 3039 ac-

157 3063 261 3147 u'derat,
289 3070 466 3136 cohortatus
490 3094 564 3136 suos
582 3073 738 3157 legionem
756 3094 870 3136 nonam
894 3070 1033 3135 subsidio
1051 3069 1150 3145 ducit;

156 3152 253 3227 batem
268 3163 438 3228 insolenter
455 3175 546 3248 atque
565 3166 676 3229 acriter
697 3176 822 3230 nostros
845 3168 1060 3247 insequentem
1077 3184 1151 3247 sup-

156 3252 236 3332 primit
251 3279 421 3339 rursusque
440 3267 527 3343 terga
543 3268 662 3322 vertere
681 3280 776 3342 seque
793 3259 834 3322 ad
851 3257 999 3343 oppidum
1016 3255 1151 3320 Ilerdam

155 3346 267 3432 recipere
284 3359 316 3414 et
334 3350 392 3415 sub
410 3373 499 3415 muro
517 3351 686 3416 consistere
705 3353 797 3438 cogit.
830 3352 886 3415 sed
904 3372 1003 3414 nonae
1019 3349 1151 3435 legionis

155 3438 245 3508 milites
270 3445 344 3508 elati
370 3445 487 3522 studio,
514 3446 589 3509 dum
612 3447 725 3511 sarcire
751 3457 912 3530 acceptum
934 3444 1151 3509 detrimentum
1214 3453 1217 3464 '

157 3531 249 3614 ruunt,
267 3547 382 3602 temere
396 3539 529 3604 insecuti
541 3540 665 3625 longius
679 3540 835 3625 fugientes
849 3538 997 3603 inlocum
1010 3537 1152 3621 iniquum

156 3631 371 3713 progrediuntur
388 3643 419 3697 et
436 3632 495 3697 sub
513 3645 664 3711 montem,
687 3634 719 3697 in
737 3656 798 3716 quo
816 3642 882 3697 erat
902 3632 1051 3716 oppidum
1068 3630 1152 3714 posi-

157 3722 320 3803 tuullerda,
334 3727 514 3790 succedunt.
541 3727 613 3790 hinc
629 3749 662 3791 se
675 3727 812 3811 recipere
822 3749 893 3790 cum
906 3725 1030 3801 vellent,
1043 3745 1151 3787 rursus

157 3807 191 3876 illi
202 3837 236 3882 ex
250 3818 319 3884 loco
338 3822 495 3905 superiore
512 3832 635 3886 nostros
649 3821 840 3906 premebant.
868 3829 1051 3906 praeruptus
1064 3816 1151 3881 locus

159 3917 217 3987 Μ,
240 3929 370 3999 utraque
388 3939 428 3980 ex
450 3928 538 4001 parte
560 3917 695 3982 directus
714 3939 752 3982 ae
768 3927 887 3981 tantum
906 3916 939 3979 in
959 3912 1152 3978 latitudinem

157 4002 272 4086 putebat,
291 4020 327 4073 ut
343 4019 405 4074 tres
423 4010 593 4075 instructae
611 4011 753 4076 cohortes
771 4032 844 4074 eum
861 4009 965 4074 locum
983 4006 1151 4093 explerent,

158 4102 185 4157 tt
201 4120 292 4185 neque
320 4103 461 4169 subsidia
487 4103 527 4169 ab
553 4105 702 4170 lateribus
729 4105 880 4169 summitti
904 4125 1006 4186 neque
1033 4101 1152 4185 equites

155 4181 345 4262 htonnfibus
363 4198 435 4262 usui
453 4220 523 4263 esse
540 4208 678 4284 possent.
711 4198 750 4263 ab
768 4198 884 4284 oppido
902 4208 1006 4262 autem
1024 4194 1151 4261 declivis

154 4277 223 4352 ltus
249 4292 333 4355 tenui
359 4291 485 4377 fastigio
511 4293 661 4378 vergebat
685 4293 718 4357 in
748 4291 972 4378 longitudinem
1002 4312 1152 4375 passuum

153 4374 255 4448 uniter
273 4383 403 4451 CCCC.
439 4386 498 4450 hac
516 4387 630 4452 nostris
649 4398 714 4451 erat
731 4395 891 4470 receptus,
914 4384 999 4468 quod
1021 4406 1058 4448 eo
1076 4383 1152 4448 inci-

153 4471 197 4536 tati
211 4479 308 4543 studio
325 4479 530 4544 inconsultius
545 4490 773 4565 processerant;
791 4480 851 4544 hoe
864 4478 1062 4565 pugnabatur
1074 4478 1151 4550 loce,

149 4571 311 4657 etpropter
333 4573 494 4660 angustias
517 4575 621 4658 iniquo
644 4586 676 4640 ct
701 4574 786 4659 quod
808 4573 867 4639 sub
894 4574 970 4660 ipsis
996 4571 1152 4636 radicibus
