2692 5206
510 728 638 785 CAPUT
655 728 773 782 es-et.
1088 716 1150 782 317

124 856 209 921 sium
228 876 321 940 nomos
339 861 451 929 vastat,
471 850 612 915 aedificia
624 850 768 916 incendit.
797 850 885 915 cuius
897 852 943 916 rei
956 851 1150 918 deformitate
1168 873 1201 922 eo

124 960 221 1032 atque
239 947 422 1034 indignitate
440 945 589 1031 legiones,
608 967 689 1028 quae
703 943 888 1008 Marcellum
903 945 963 1010 sibi
976 945 1086 1012 ducem
1100 968 1150 1012 ce-

125 1053 251 1129 perant,
279 1042 320 1106 ad
345 1063 417 1106 cum
441 1049 677 1115 concurrerunt,
705 1048 739 1102 ut
759 1038 792 1101 in
814 1038 911 1103 aciem
939 1041 1149 1119 educerentur,

124 1137 276 1221 priusque
294 1134 482 1220 confligendi
501 1131 561 1197 sibi
578 1143 717 1218 potestas
735 1131 835 1208 lieret,
858 1153 952 1215 quam
975 1155 1047 1199 cunr
1065 1145 1151 1200 tanta

126 1229 315 1294 contumelia
336 1227 550 1292 nobilissimae
573 1227 812 1310 carissimaequc
833 1228 1049 1312 possessiones
1072 1228 1152 1295 Cor-

126 1322 316 1388 dubensium
333 1322 364 1386 in
383 1331 553 1406 conspectu
572 1343 628 1384 suo
642 1320 767 1405 rapinis,
785 1319 866 1385 ferro
880 1321 1065 1406 flammaque
1078 1343 1152 1386 eon-

127 1427 335 1481 sumerentur.
379 1414 566 1493 Marcellus,
589 1436 660 1478 cum
683 1413 848 1499 confligere
870 1414 1077 1479 miserrimum
1094 1437 1152 1500 pn-

127 1520 221 1586 taret,
249 1509 332 1592 quod
356 1519 387 1572 et
408 1508 534 1573 victoris
561 1518 592 1572 et
616 1508 690 1572 victi
717 1507 933 1572 detrimentum
956 1509 996 1572 ad
1018 1509 1151 1573 cundem

128 1602 300 1667 Caesarem
315 1612 398 1667 esset
410 1601 664 1678 redundaturum,
678 1622 778 1685 neque
793 1621 868 1665 suae
880 1602 1043 1686 potestatis
1057 1611 1150 1679 esset,

127 1697 268 1783 legiones
286 1696 410 1761 Baetim
427 1696 560 1760 traducit
578 1695 739 1780 aciemque
756 1695 888 1760 iustruit.
918 1719 989 1760 eum
1004 1696 1150 1762 Cassium

127 1801 238 1855 contra
259 1813 316 1877 pro
338 1791 403 1855 suis
425 1790 535 1854 eastris
563 1790 661 1853 aciem
687 1789 872 1853 instruxisse
896 1789 966 1854 loco
993 1791 1150 1876 superiore

127 1884 257 1962 videret,
276 1906 372 1948 causa
389 1883 580 1968 interposita,
600 1884 728 1966 quadis
746 1884 777 1948 in
796 1905 928 1967 aequum
946 1907 1009 1949 non
1022 1886 1152 1950 descen·

128 1976 231 2054 deret,
257 1976 427 2042 Marcellus
446 1976 596 2041 militibus
613 1977 794 2062 persuadet,
821 1986 856 2041 ut
875 1998 908 2042 se
930 1978 1101 2063 reciperent
1118 1979 1151 2043 in

128 2080 240 2135 castra
276 2071 380 2154 itaque
398 2071 504 2155 copias
522 2069 669 2135 reducere
687 2071 798 2155 coepit.
830 2070 970 2149 Cassius,
989 2093 1051 2156 quo
1069 2071 1151 2137 bono

128 2163 253 2229 valebat
275 2163 523 2247 Marcellumque
545 2163 701 2228 infirmum
728 2187 798 2229 esse
824 2163 955 2241 sciebat,
982 2187 1151 2253 aggressus

128 2258 269 2343 equitatu
281 2258 467 2344 legionarios
483 2279 516 2322 se
530 2258 712 2342 recipientes
727 2259 902 2343 complures
919 2260 1106 2325 novissimos
1119 2259 1151 2324 in

128 2350 265 2416 fluminis
272 2352 349 2436 ripis
362 2351 524 2415 interfecit.
552 2373 623 2414 cum
633 2351 691 2415 hoe
705 2352 899 2429 detrimento,
914 2352 989 2435 quid
1002 2353 1150 2417 transitus

129 2444 266 2508 fluminis
283 2445 338 2508 viti
356 2444 610 2527 difficultatisque
625 2443 761 2522 haberet,
780 2446 939 2532 cognitum
953 2459 1046 2523 esset,
1064 2446 1151 2511 Mar-

130 2537 227 2601 cellus
246 2549 349 2602 eastra
361 2537 485 2601 Baetim
503 2537 659 2615 transfert,
678 2538 847 2622 crebroque
865 2550 994 2622 uterque
1011 2540 1150 2626 legiones

130 2629 160 2695 in
177 2630 279 2695 aciem
297 2631 400 2695 educit
409 2656 417 2709 ;
436 2652 538 2714 neque
555 2642 659 2696 tamen
677 2632 853 2718 confligitur
869 2643 995 2717 propter
1011 2633 1150 2697 locorum

131 2722 339 2789 difficultates.
387 2735 453 2789 erat
474 2725 573 2810 eopiia
594 2725 790 2810 pedestribus
812 2727 910 2790 multo
932 2725 1048 2792 firmior
1064 2725 1151 2791 Mar·
1169 2747 1198 2794 et
1306 2722 1313 2735 ’

132 2817 240 2883 callus:
260 2816 394 2883 habebat
412 2817 495 2882 enim
513 2827 674 2884 veteranas
688 2820 855 2904 multisque
869 2819 993 2905 proeliis
1007 2830 1150 2905 expertas

131 2908 279 2998 legiones.
307 2911 438 2976 Cassius
455 2912 528 2976 fidei
546 2913 646 2998 magis
665 2935 760 2997 quam
778 2913 885 2978 virtuti
902 2913 1059 3000 legionum
1078 2935 1151 2977 eon-

132 3003 254 3071 idebat.
277 3005 392 3088 itaque,
407 3027 479 3070 cum
489 3016 590 3071 eastra
599 3007 708 3071 eastris
722 3008 834 3073 collata
847 3018 961 3084 essent,
979 3006 1152 3073 etMareel-

132 3094 175 3164 lus
192 3098 300 3177 locum
317 3099 463 3164 idoneum
481 3101 608 3164 castello
627 3101 775 3186 cepisset,
802 3124 865 3185 qno
887 3101 1051 3187 prohibere
1070 3121 1152 3186 aqua

131 3188 301 3259 Cassianos
315 3205 431 3279 posset,
449 3193 614 3278 Longinus
624 3196 751 3272 veritus,
769 3218 809 3261 ne
823 3216 937 3281 genere
951 3195 1086 3278 quodam
1096 3195 1152 3260 ob·

129 3286 259 3352 sidionis
281 3285 475 3350 clauderetur
495 3288 527 3350 in
550 3288 728 3373 regionibus
747 3289 856 3354 alienis
875 3289 996 3375 sibique
1017 3288 1150 3366 infestis,

124 3392 223 3447 noctu
236 3379 360 3445 silentio
373 3403 413 3444 ex
426 3381 535 3444 eastris
544 3381 749 3465 proficiscitur
760 3384 914 3467 celerique
928 3383 1036 3447 itinere
1045 3382 1152 3447 Uliam

122 3473 297 3551 contendit,
312 3475 396 3557 quod
410 3474 469 3539 sibi
482 3475 573 3540 fidele
589 3497 659 3540 esse
673 3478 822 3562 oppidum
836 3475 990 3541 credebat.
1017 3475 1060 3541 ibi
1074 3476 1152 3541 adeo

118 3570 295 3637 coniuncta
311 3569 398 3653 ponit
415 3568 578 3633 moenibus
597 3580 713 3647 eastra,
736 3582 771 3634 ut
789 3592 827 3635 eo
845 3570 905 3634 loci
923 3581 1034 3633 natura
1051 3568 1152 3650 (nam-

117 3680 188 3747 que
202 3661 281 3727 Ulia
297 3662 329 3725 in
347 3662 429 3726 edito
443 3676 548 3727 moute
561 3664 664 3748 posita
677 3666 739 3749 est)
757 3675 787 3728 et
801 3664 869 3748 ipsa
883 3663 1053 3727 munitione
1066 3661 1152 3728 urbis

116 3756 267 3839 nudique
285 3755 325 3819 ab
343 3757 575 3842 oppugnatione
594 3768 679 3822 tutus
698 3769 790 3822 esset.
818 3758 901 3822 hunc
919 3756 1088 3821 Marcellus
1106 3756 1153 3819 in-

117 3851 270 3935 sequitur
287 3859 319 3913 et
335 3871 430 3932 quam
447 3851 588 3935 proxime
603 3862 705 3936 potest
719 3852 826 3917 Uliam
842 3862 944 3916 castra
957 3850 1066 3914 castris
1081 3871 1154 3914 con-

117 3942 187 4010 fert
205 3942 408 4027 loeommquc
421 3944 547 4030 cognita
560 3956 679 4024 natura,
698 3968 760 4029 quo
774 3945 908 4011 maxime
920 3966 987 4008 renr
1000 3943 1153 4008 deducere

118 4034 265 4114 volebat,
279 4037 465 4102 necessitate
474 4038 694 4117 cstdeduetus,
708 4050 743 4104 ut
751 4061 852 4124 neque
861 4038 1041 4124 confligeret
1049 4036 1152 4119 (cuius

123 4130 214 4197 sirei
226 4128 361 4194 facultas
375 4141 468 4209 essct,
482 4132 626 4198 resistere
639 4134 773 4199 incitatis
784 4132 933 4198 militibus
941 4152 1006 4196 non
1018 4131 1153 4216 poterat)

124 4244 230 4310 neque
248 4226 356 4311 vagari
370 4224 518 4290 Cassium
536 4227 628 4295 latius
646 4239 812 4314 pateretur,
831 4250 870 4292 ne
888 4227 992 4312 plures
1011 4226 1151 4291 civitates

128 4340 167 4385 ea
191 4329 384 4407 paterentur,
412 4343 493 4403 quac
518 4324 605 4406 passi
632 4334 719 4388 erant
741 4322 972 4389 Cordubenses.
1016 4321 1152 4386 castellis

130 4410 250 4479 idoneis
267 4412 344 4479 loeis
363 4414 521 4480 collocatis
539 4417 747 4500 operibusque
765 4417 796 4480 in
816 4416 945 4481 circuitu
958 4415 1065 4501 oppidi
1079 4436 1153 4480 eon-

131 4506 257 4573 tinuafis
283 4507 390 4572 Uliam
418 4508 626 4594 Cassiumque
654 4510 876 4576 munitionibus
903 4509 1023 4575 elausit.
1071 4530 1152 4592 quae
