2738 5272
185 734 249 802 226
530 745 583 801 DE
600 745 728 802 BELLO
748 745 869 804 CIVILI

185 869 338 936 antecedit
356 869 396 935 ad
414 879 516 936 castra
533 869 723 957 exploranda
741 867 941 946 Corneliana,
963 867 1048 952 quod
1069 869 1098 934 is
1121 867 1216 934 locus

184 965 369 1052 peridoneus
383 965 492 1031 castris
507 964 689 1030 habebatur.
716 964 749 1028 id
762 973 866 1029 autern
876 973 924 1027 est
937 963 1045 1049 iugum
1054 963 1215 1029 directum

185 1059 323 1125 eminens
341 1059 374 1123 in
387 1080 481 1136 mare,
500 1068 629 1142 utraque
644 1067 783 1143 exparte
796 1067 996 1142 praeruptum
1009 1066 1104 1141 atque
1119 1079 1216 1143 aspe-

183 1177 267 1230 rum,
290 1154 346 1218 sed
364 1163 468 1217 tamen
485 1153 578 1237 paulo
595 1152 712 1217 leniore
730 1150 857 1237 fastigio
879 1150 919 1216 ab
942 1173 980 1215 ea
1000 1161 1104 1235 parte,
1129 1173 1214 1235 quae

184 1249 225 1313 ad
246 1248 373 1314 Uticam
395 1248 505 1334 vergit.
546 1246 635 1312 abest
657 1247 773 1311 directo
795 1246 903 1311 itincre
929 1244 969 1310 ab
991 1244 1088 1310 Utica
1113 1245 1214 1331 paulo

184 1343 318 1428 amplius
337 1365 449 1428 passus
468 1341 562 1406 mille.
598 1342 654 1406 sed
671 1341 731 1405 hoc
748 1341 856 1405 itincre
874 1349 923 1405 est
939 1339 1020 1416 fons,
1039 1359 1103 1422 quo
1122 1363 1213 1406 mare

185 1437 324 1503 succedit
340 1436 478 1522 longius,
502 1436 626 1518 lateque
643 1436 671 1500 is
688 1435 775 1500 locus
796 1444 969 1519 restagnat3
996 1456 1091 1518 quem
1109 1435 1139 1499 si
1158 1435 1214 1519 qui

183 1532 282 1596 vitare
298 1530 444 1608 volucrit,
472 1553 528 1595 sex
546 1529 665 1593 milium
683 1529 812 1592 circuitu
830 1528 862 1592 in
883 1528 1032 1613 oppidum
1055 1530 1213 1612 pervenit

133 1645 167 1692 25
183 1626 244 1690 hoc
266 1625 425 1710 explorato
447 1625 516 1689 loco
535 1622 633 1689 Curio
651 1639 753 1688 castra
770 1623 847 1687 Vari
869 1623 1021 1707 conspicit
1042 1645 1136 1688 muro
1156 1647 1214 1710 op-

184 1720 321 1806 pidoque
339 1720 503 1784 coniuncta
520 1720 561 1784 ad
575 1727 709 1804 portam,
728 1740 807 1802 quae
826 1717 1000 1803 appellatur
1011 1717 1136 1793 bellica,
1158 1721 1215 1784 ad-

184 1814 313 1880 modum
329 1815 449 1878 munita
462 1824 573 1877 natura
584 1812 654 1889 loci,
668 1836 732 1878 una
744 1834 784 1876 cx
793 1822 880 1896 parte
893 1811 962 1896 ipso
976 1811 1092 1896 oppido
1102 1811 1213 1890 Utica,

185 1907 282 1972 altera
298 1930 318 1970 a
335 1906 468 1983 theatro,
487 1907 571 1990 quod
589 1916 636 1970 est
654 1916 725 1970 ante
743 1905 905 1990 oppidum,
925 1904 1214 1972 substructionibus

184 2001 252 2064 eius
274 2001 376 2084 operis
400 2000 558 2076 maximis,
581 2000 668 2064 aditu
686 2000 726 2063 ad
748 2009 851 2063 castra
872 1998 992 2062 difficili
1013 2009 1043 2063 et
1061 2012 1213 2086 angusto.

185 2093 278 2158 simul
300 2094 517 2157 animadvertit
538 2093 637 2158 multa
659 2093 796 2176 undiquc
818 2093 934 2178 portari
956 2103 1048 2177 atque
1071 2095 1127 2179 agi
1143 2095 1215 2180 ple-

183 2186 322 2250 nissimis
340 2186 413 2263 viis,
440 2208 520 2269 quae
537 2185 690 2270 repentini
711 2187 863 2250 tumultus
886 2187 996 2251 timore
1014 2208 1053 2250 ex
1071 2187 1161 2272 agris
1180 2189 1214 2253 in

183 2278 294 2344 urbem
312 2279 518 2344 conserantur.
554 2281 616 2345 huc
633 2281 805 2365 equitatum
823 2281 924 2357 mittit,
943 2292 978 2344 ut
995 2280 1145 2365 diriperet
1164 2295 1214 2348 at-

184 2396 245 2457 que
267 2373 394 2438 baberet
416 2375 484 2440 loco
506 2376 654 2460 praedae3
681 2377 854 2461 eodemque
876 2388 1013 2461 tempore
1036 2376 1085 2442 his
1114 2377 1213 2445 rebus

184 2468 324 2533 subsidio
333 2467 397 2534 DC
412 2470 530 2553 equites
539 2470 693 2535 Numidae
707 2495 746 2536 cx
760 2472 875 2555 oppido
888 2472 1069 2556 peditesque
1086 2470 1213 2539 CCCC

184 2563 347 2627 mittuntur
364 2587 384 2627 a
400 2563 495 2641 Varo,
515 2587 593 2647 quos
612 2565 718 2629 auxilii
736 2587 832 2629 causa
848 2587 903 2628 rex
916 2564 997 2629 luba
1013 2565 1125 2649 paucis
1144 2567 1215 2631 die·

183 2653 243 2719 bus
257 2668 328 2720 ante
341 2656 468 2722 Uticam
482 2658 618 2723 miserat.
646 2658 718 2721 lruic
732 2668 763 2722 ct
774 2670 938 2743 paternum
951 2658 1123 2742 hospitium
1137 2683 1213 2725 cum

183 2748 335 2835 Pompeio
354 2762 384 2814 et
403 2751 542 2816 simultas
561 2774 632 2816 cum
652 2752 788 2817 Curione
807 2752 1030 2829 intercedebat,
1049 2753 1138 2835 quod
1156 2755 1213 2818 tri-

184 2842 287 2909 bunus
301 2843 401 2929 plebis
415 2844 517 2931 legem
530 2847 789 2932 promulgaverat,
809 2869 871 2928 qua
884 2845 953 2931 lege
966 2869 1099 2931 regnum
1109 2847 1212 2912 Iubae

183 2938 404 3022 publicaverat.
433 2952 618 3007 concurrunt
636 2941 756 3023 equites
775 2941 854 3004 inter
872 2963 920 3017 se;
938 2963 1039 3023 neque
1057 2963 1134 3006 vcro
1147 2942 1213 3026 pri-

184 3054 271 3094 mum
294 3033 444 3115 impetum
466 3045 641 3098 nostrorum
662 3035 816 3098 Numidae
839 3035 919 3098 ferre
941 3044 1124 3119 potuerunt,
1153 3036 1212 3100 sed

184 3124 354 3188 interfectis
377 3126 498 3189 circiter
517 3125 619 3191 CXX
636 3128 746 3210 reliqui
773 3151 806 3193 se
828 3128 861 3191 in
879 3137 980 3192 castra
998 3128 1037 3191 ad
1056 3129 1211 3213 oppidum

183 3228 374 3300 receperunt.
402 3218 523 3282 interim
543 3221 677 3284 adventu
695 3221 859 3307 longarum
877 3221 1003 3286 narium
1021 3220 1119 3286 Curio
1138 3246 1211 3308 pro-

184 3310 325 3373 nuntiare
343 3313 491 3376 onerariis
509 3313 642 3378 navibus
660 3314 759 3390 iubet,
779 3338 859 3398 quac
878 3315 1002 3380 stabant
1019 3316 1060 3382 ad
1077 3315 1209 3381 Uticam

183 3425 313 3468 numero
336 3405 455 3468 circiter
474 3405 546 3483 CC,
575 3429 608 3471 sc
630 3406 662 3470 in
685 3407 820 3472 hostium
842 3409 1020 3474 habiturum
1042 3408 1127 3486 loco,
1155 3411 1211 3494 qui

184 3519 248 3561 uon
265 3520 283 3561 c
301 3498 433 3583 vestigio
451 3500 490 3562 ad
509 3512 612 3565 castra
626 3499 812 3566 Corneliana
829 3503 1027 3566 traduxisset.
1059 3524 1124 3585 qua
1138 3526 1210 3588 pro-

183 3591 375 3655 nuntiatione
393 3592 476 3657 laeta
494 3595 640 3679 temporis
663 3607 779 3680 puncto
802 3594 932 3660 sublatis
956 3595 1078 3660 ancoris
1096 3618 1210 3661 omncs

183 3684 310 3749 Uticam
328 3686 505 3770 relinquunt
522 3699 553 3752 ct
570 3712 631 3773 quo
650 3690 835 3774 imperatum
853 3700 900 3754 est
918 3700 1087 3753 transeunt.
1126 3714 1210 3774 quae

133 3797 165 3846 ‘26
183 3802 233 3844 res
252 3780 390 3845 omniurn
408 3804 510 3845 rerum
529 3783 619 3866 copia
636 3783 802 3868 complevit
820 3784 998 3847 exercitum.
1043 3783 1092 3847 his
1110 3785 1209 3850 rebus

182 3874 281 3956 gestis
301 3873 398 3941 Curio
416 3898 450 3940 sc
467 3877 500 3940 in
522 3889 624 3941 castra
642 3878 681 3940 atl
699 3877 878 3963 Bagradam
901 3878 1009 3962 recipit
1026 3887 1120 3961 atque
1140 3880 1210 3943 uni·

182 3968 265 4031 versi
279 3970 431 4033 exercitus
441 3970 683 4034 conclamatione
697 3971 864 4055 imperator
877 3970 1050 4055 appellatus
1065 3981 1210 4054 postero-

182 4082 244 4142 que
262 4061 312 4125 dic
330 4064 499 4126 exercitum
516 4063 643 4127 Uticam
665 4064 751 4127 ducit
768 4075 798 4127 ct
816 4086 912 4148 prope
935 4064 1085 4148 oppidum
1103 4077 1211 4130 castra

182 4155 278 4238 ponit.
322 4158 460 4221 nondum
479 4181 571 4242 opere
589 4169 760 4222 castrorum
782 4158 919 4241 perfeeto
943 4157 1062 4241 equites
1085 4181 1126 4222 cx
1145 4171 1211 4224 sta-

183 4246 265 4311 tione
282 4251 424 4314 nuntiant
441 4275 555 4337 magna
573 4252 687 4316 auxilia
705 4252 843 4336 equitum
861 4253 1061 4337 peditumque
1076 4251 1117 4316 ab
1131 4276 1209 4339 rege

182 4339 280 4403 missa
297 4341 423 4406 Uticam
441 4346 560 4422 srenire3
583 4346 754 4429 eodemque
773 4356 910 4430 tempore
933 4346 981 4410 ris
1003 4369 1120 4431 magna
1136 4347 1211 4432 pul·

183 4432 264 4496 veris
283 4435 473 4515 cernebatur,
493 4450 524 4502 et
540 4439 673 4524 vestigio
692 4439 839 4524 temporis
857 4440 992 4523 primum
1010 4462 1125 4524 agmen
1140 4452 1209 4505 erat

183 4526 401 4614 inconspectu.
419 4533 555 4599 novitate
568 4534 613 4598 rei
622 4533 718 4600 Curio
727 4543 885 4620 permotus
895 4533 1063 4620 praemittit
1072 4533 1209 4620 equites,
