2692 5206
584 752 745 814 rpssssmo
1152 750 1198 794 xv

106 863 276 945 cupivisset,
294 862 379 916 aliter
397 877 460 915 eum
480 862 908 932 scripturumltamsuamlatiue
919 863 973 918 seri
996 863 1041 932 sit,
1052 862 1104 928 Qu.
1115 862 1202 917 Luta·

106 933 205 987 fuisse.
215 931 321 984 Rerum
330 930 496 998 scriptorem
505 916 722 1025 resipsae,itius
741 931 858 986 Catulus
877 881 994 1002 (consui
1007 949 1032 985 a.
1053 935 1128 1002 llll),
1153 931 1202 1000 qui

106 1009 239 1068 tempora
253 998 442 1068 reipublicae,
459 997 589 1052 instituta
608 997 645 1050 vi·
665 999 826 1053 eumblario
831 999 960 1053 Cimbros
971 1000 1038 1053 vicit
1047 1000 1132 1069 idque
1143 999 1201 1052 bel·

107 1079 155 1122 tae
174 1066 298 1120 consilia
320 1065 465 1133 fecerunt,
492 1066 647 1134 historiam,
665 1067 722 1119 lum
731 1065 1202 1134 narravit,CorueliusSullodieto·

107 1151 182 1206 quae
206 1150 273 1188 vere
296 1133 566 1254 appellaripotest,
593 1149 647 1186 nee
666 1140 711 1187 tor
748 1134 796 1205 qui
823 1152 914 1188 rerem
942 1143 1084 1204 gestarum
1112 1134 1202 1188 libros

106 1201 223 1272 scripsit
231 1218 286 1256 uec
295 1218 331 1254 vo
344 1207 385 1253 urt
396 1217 449 1255 sen
472 1217 528 1254 ere.
548 1202 646 1270 Neque
665 1173 753 1256 lell
767 1202 888 1275 scripsit.
923 1202 1016 1256 Etiam
1026 1202 1201 1269 Ciceronem,

106 1287 214 1324 novum
223 1287 316 1339 genus
325 1269 493 1322 monstravit
502 1269 646 1335 Romanis,
667 1270 715 1339 qui
729 1271 829 1339 quavis
843 1270 953 1324 ratione
967 1271 1119 1325 memoriae
1134 1286 1202 1324 suae

106 1339 160 1393 sed
170 1344 288 1391 secutus
297 1342 342 1391 est
351 1353 456 1390 morem
465 1337 647 1415 illotempore
666 1339 869 1392 consulendum
893 1338 1016 1458 putavit,
1043 1344 1140 1391 notem
1159 1345 1203 1391 est

106 1405 330 1460 usitatissimum.
370 1403 439 1457 Cum
457 1405 531 1458 enim
550 1403 647 1474 priori·
665 1413 778 1474 praeter
796 1412 854 1459 tres
873 1406 892 1457 li
915 1422 962 1460 ros
977 1406 1012 1460 de
1026 1405 1202 1474 temporibus

107 1476 163 1528 bus
179 1472 353 1552 temporibus
369 1472 487 1527 historia
502 1472 577 1542 apud
591 1472 646 1525 Ro·
667 1474 724 1526 suis
738 1473 868 1527 versibus
883 1474 1013 1541 scriptos,
1027 1481 1202 1527 commenta·

107 1557 211 1594 manos
219 1540 290 1593 nhil
300 1539 378 1593 aliud
387 1539 497 1607 fuisset,
517 1539 584 1592 ‘nisi
599 1557 646 1592 an·
666 1542 737 1595 rium
751 1541 916 1595 consulatus
931 1540 973 1593 sui
988 1557 1090 1610 graece
1106 1540 1203 1595 eonfe-

107 1609 216 1663 nnliem
227 1607 381 1661 confectio'
392 1608 460 1676 (Cic.
468 1606 545 1662 (iret.
551 1608 647 1676 1112),
667 1609 739 1663 cisse
751 1610 799 1732 ppd
808 1607 866 1661 Att.
878 1608 901 1660 1.
913 1607 1030 1661 19.11.1.
1041 1607 1202 1666 Pletcacs.

107 1693 231 1746 quorem
241 1675 389 1729 exilitaset
398 1675 510 1730 siccitas
520 1676 648 1744 legentes
666 1677 719 1745 13).
783 1676 846 1729 tilli
856 1676 943 1745 igiter
952 1683 1002 1729 aut
1014 1676 1135 1734 ‹leomni
1145 1677 1204 1730 vita

107 1744 233 1798 retinere
243 1758 300 1796 non
311 1745 412 1812 potuit,
423 1745 591 1798 exstiterunt
600 1744 647 1796 de·
667 1761 731 1812 sua,
750 1752 799 1798 aut
818 1745 853 1796 do
872 1744 976 1796 illustri
993 1743 1090 1813 alique
1109 1760 1154 1808 re,
1174 1743 1202 1796 in

91 1812 193 1878 inde,
213 1811 261 1880 qui
275 1811 362 1864 missa
376 1810 509 1865 fabulosa
526 1810 647 1883 antiqui·
666 1829 724 1881 qua
741 1814 846 1882 primas
865 1818 986 1880 egerent
1002 1818 1113 1880 partes,
1137 1810 1202 1863 seri·

105 1886 170 1933 tate
180 1879 210 1931 iu
224 1895 293 1933 suae
303 1879 406 1932 aetatis
419 1881 504 1932 rebus
519 1895 549 1948 se
560 1879 647 1932 conti·
667 1889 797 1948 pserunt,
821 1888 878 1932 rton
898 1878 1001 1946 solum,
1021 1885 1053 1931 ut
1071 1878 1204 1933 memoria

105 1952 225 2014 nerent,
244 1954 277 1999 ut
290 1947 323 1999 L.
334 1946 447 2000 Caelius
457 1947 647 2017 Antipaterw,
666 1947 823 2002 facinorum
846 1962 960 2000 suorum
979 1955 1214 2014 conservaretur,

107 2014 180 2068 belli
195 2013 294 2068 Punici
312 2014 429 2067 secundi
442 2021 550 2083 auctor,
569 2021 599 2067 et
616 2015 647 2067 Ρ.
667 2017 716 2069 sed
734 2023 767 2069 ut
784 2021 861 2069 reete
880 2003 916 2068 ab
935 2015 1104 2084 aequalibus
1119 2015 1155 2068 de
1168 2014 1203 2067 iis

105 2083 295 2160 Sempronius
308 2079 456 2148 Asellio²²‚
476 2083 524 2153 qui
544 2081 597 2135 seb
617 2082 647 2134 l'.
666 2084 838 2137 iudicaretur
860 2098 932 2136 neve
955 2082 1062 2135 invislia
1084 2090 1113 2136 et
1136 2082 1202 2135 odio

106 2149 244 2218 Scipione
263 2149 394 2203 tribunus
409 2150 526 2203 militum
540 2149 577 2204 ad
593 2150 648 2203 Nu·
666 2151 891 2205 adversariorum
905 2151 940 2203 de
954 2150 1030 2204 fama
1045 2167 1097 2204 sua
1112 2151 1202 2204 detra·

104 2217 245 2272 mantiam
264 2217 330 2285 seit,
351 2225 381 2271 et
399 2234 444 2271 res
462 2234 524 2284 eas,
543 2217 648 2288 quibes
667 2216 999 2286 beretur,itaCaesarem
1010 2218 1093 2272 etiam
1104 2218 1202 2272 eadem

106 2285 245 2355 gerendis
267 2285 330 2353 ipse
357 2284 497 2349 interfuit,
524 2284 647 2339 conseri·
666 2303 753 2341 eausa
775 2287 811 2340 ad
838 2286 1017 2340 scribendum
1045 2293 1203 2354 permotum

106 2353 170 2422 psit
187 2353 275 2423 (Geli.
286 2352 324 2405 ll.
334 2352 387 2421 13).
422 2352 468 2406 Ab
487 2352 543 2408 hoe
561 2352 646 2406 histo·
667 2371 729 2409 esse
744 2354 989 2423 iureputabimes.
1018 2353 1138 2422 Scripsit
1150 2353 1203 2422 igi·

106 2421 215 2474 riantm
225 2436 330 2490 genere
339 2420 433 2474 facilis
444 2421 499 2475 fuit
512 2421 647 2475 transitus
666 2429 711 2476 tur
721 2422 830 2475 civibus
845 2423 913 2491 suis,
931 2439 949 2476 a
978 2421 1060 2475 uibus
1075 2421 1132 2490 legi
1146 2438 1201 2474 ma—

106 2489 217 2555 adeos,
237 2489 285 2559 qui
300 2488 647 2568 vitarumreremquease
666 2489 737 2544 xime
765 2495 899 2560 recteque
929 2439 1049 2543 inituri
1076 2489 1202 2557 volebat,

108 2562 255 2626 gestarum
270 2563 486 2610 commentarios
500 2573 645 2626 composu·
666 2557 780 2628 scripsit
793 2574 827 2611 ea
841 2558 959 2624 ratione,
978 2574 1035 2627 qua
1049 2557 1132 2610 etiam
1146 2573 1202 2610 me·
1248 2566 1251 2573 ’

108 2630 201 2691 erunt,
220 2624 298 2693 quod
317 2640 407 2694 genus
420 2624 513 2679 indeo
528 2624 646 2692 septimo
666 2626 1013 2679 diocritereruditirerum
1024 2624 1203 2694 gravissima-

107 2710 135 2746 ιι
145 2708 203 2745 uc.
214 2692 312 2745 seculo
322 2701 478 2762 temporum
488 2698 517 2747 et
527 2692 648 2746 civitatis
666 2711 725 2746 rum
746 2710 880 2746 semmam
895 2693 1060 2762 intellegere
1075 2698 1203 2760 possent,

107 2760 183 2813 ratio
202 2759 415 2830 factionemque
439 2760 560 2814 studium
583 2777 645 2831 pro·
667 2761 779 2831 scripsit
789 2761 873 2813 etiam
883 2777 916 2813 eo
927 2767 1063 2827 tempore,
1080 2775 1135 2828 quo
1146 2776 1202 2811 ma·

109 2827 226 2881 crenvit.
239 2827 310 2890 ·Quo
317 2829 406 2896 magis
416 2827 490 2881 euim
500 2845 552 2881 usu
561 2828 646 2895 venit,
667 2829 738 2882 xime
749 2828 874 2896 optabile
885 2834 913 2880 et
927 2827 1117 2879 necessarium
1128 2826 1203 2878 vide·

108 2902 141 2949 et
163 2910 238 2966 quae
262 2902 429 2965 gererentur
450 2895 479 2948 in
499 2896 648 2964 republica
667 2897 751 2950 batur
768 2894 871 2964 corrigi
885 2901 914 2948 et
928 2893 1098 2955 conformari
1116 2893 1203 2946 homi·

108 2964 286 3032 singulorum
297 2964 391 3032 potius
402 2963 545 3017 bominem
557 2971 645 3016 certa·
666 2981 731 3017 num
742 2964 777 3017 de
787 2963 872 3017 rebus
886 2963 944 3015 suis
956 2961 1125 3030 opinionem.
1161 2960 1204 3014 Ae

108 3047 228 3101 rumque
238 3031 364 3099 gentium
375 3032 553 3099 auctoritate,
564 3047 647 3101 quam
666 3034 701 3085 de
720 3032 774 3085 bac
812 3030 905 3084 uidem
924 3047 954 3092 re
972 3030 1090 3098 primum
1110 3028 1206 3083 dicere

108 3116 160 3167 per
192 3099 308 3167 epulum
317 3097 378 3152 fieri
387 3099 557 3165 viderentur,
567 3105 647 3152 tanto
665 3101 769 3169 placet.
826 3098 1113 3152 eeornmeuturiormu
1130 3098 1203 3151 enim

109 3175 155 3218 stu
179 3166 277 3234 osius,
311 3166 338 3219 ui
349 3167 434 3220 rebus
445 3173 603 3236 praeerant,
618 3167 646 3219 in
666 3174 766 3222 natura
785 3167 878 3236 deque
897 3165 1030 3232 consilio,
1059 3182 1116 3245 quo
1135 3165 1204 3219 editi

84 3272 87 3276 .
108 3234 144 3286 iis
155 3183 332 3305 illustraniis
342 3234 540 3301 elaborabant,
552 3252 609 3304 quo
620 3242 648 3288 ct
667 3252 729 3290 esse
744 3235 864 3306 putandi
879 3241 957 3300 suut,
977 3234 1000 3287 si
1015 3234 1141 3287 iudicare
1155 3250 1203 3287 vo·

109 3318 163 3356 sua
172 3301 323 3372 gentisque
338 3303 431 3372 gloria
440 3312 600 3372 augeretur,
620 3309 649 3356 et
668 3305 767 3371 lomus,
777 3319 835 3357 non
845 3303 936 3356 inanis
946 3311 990 3356 est
997 3303 1135 3371 quaestio,
1147 3317 1203 3372 quo

109 3369 337 3423 adversariorum
358 3371 570 3449 factionemque
591 3377 647 3422 stu·
667 3379 721 3424 tem
744 3388 793 3425 ore
812 3369 917 3423 Caesar
941 3387 990 3441 eos
1014 3369 1159 3439 scripserit
1175 3374 1205 3424 et

110 3437 164 3489 diis
175 3444 378 3503 occurreretur,
389 3444 419 3491 et
431 3456 468 3508 po
491 3439 529 3491 ulr
539 3439 647 3491 animus
666 3439 712 3493 edi
734 3440 795 3493 erit.
831 3437 861 3491 Si
872 3438 935 3507 quis
946 3437 1045 3501 erodit,
1061 3438 1130 3491 nihil
1141 3453 1204 3506 gra·

110 3506 139 3558 iu
158 3521 189 3558 se
209 3513 429 3559 converteretur.
465 3456 499 3559 fu
516 3506 561 3559 bis
581 3506 648 3560 scri-
667 3508 727 3560 vius
742 3524 804 3560 eum
820 3513 974 3575 spectasse,
995 3522 1076 3626 poam
1092 3513 1123 3558 ut
1142 3504 1203 3558 ‘alii

111 3573 242 3642 ptoribus
260 3581 451 3627 memorantur
463 3574 497 3627 L.
511 3573 647 3628 Aemilius
666 3575 807 3628 haberent
821 3580 936 3643 parate,
955 3592 992 3626 un
1015 3591 1029 3626 e
1050 3581 1202 3638 sumerent,

111 3643 244 3703 Scaurus,
263 3641 310 3710 qui
329 3658 354 3694 a.
371 3642 420 3695 115
439 3648 467 3695 et
482 3642 531 3695 107
549 3642 648 3694 consul
687 3638 1202 3707 uivellentseriberohistoriurrr'(Cie.

110 3709 173 3775 fuit,
192 3708 273 3762 cuius
288 3711 359 3762 ‘tres
375 3711 412 3763 ad
422 3709 455 3763 L.
466 3709 605 3763 Fufidium
616 3709 648 3760 li·
667 3661 745 3763 iirut.
756 3711 798 3777 te,
809 3710 880 3781 262),
891 3716 921 3763 et
938 3713 988 3762 ‘ne
1007 3708 1125 3761 seientia
1143 3715 1204 3761 tan-

112 3778 179 3830 bros
199 3776 319 3855 scriptos
334 3778 369 3831 de
388 3777 447 3831 vite
464 3777 551 3847 ipsius
570 3778 647 3831 aeta'
668 3786 758 3831 tarum
771 3795 864 3831 rerem
878 3776 1063 3845 scriptoribus
1079 3775 1204 3828 ‹leesset'

112 3844 211 3898 laudat
232 3844 290 3899 Cre.
312 3845 391 3899 Brut.
414 3847 461 3913 29,
490 3845 538 3898 112
566 3845 647 3915 (Tac.
667 3846 753 3919 (ilict.
764 3863 807 3916 ep.
818 3846 854 3899 ad
867 3843 1007 3964 Balbump,
1017 3843 1123 3895 nullum
1135 3848 1202 3897 tem·

111 3912 208 3982 Agrie.
220 3913 245 3985 1)
278 3913 310 3965 P.
325 3913 446 3966 Rutilius
459 3913 551 3967 Rufus
570 3915 646 3984 (eon-
666 3932 719 3984 pus
730 3931 788 3967 non
801 3917 897 3983 aptum
912 3913 948 3965 ad
963 3929 977 3965 e
1001 3911 1101 3964 endum
1117 3911 1205 3965 videri

112 3983 155 4033 sel
169 3998 195 4034 a.
210 3952 281 4050 lui),
301 3981 348 4050 qui
367 3982 585 4051 repetendarum
602 3997 646 4035 ae·
667 3986 818 4052 potesate.
863 3980 913 4034 sin
932 3979 1010 4032 aliud
1028 3979 1106 4049 quid,
1126 3980 1203 4049 quod

113 4056 228 4102 cecatus
243 4057 272 4101 et
290 4049 494 4103 condemnatus
512 4048 647 4119 Smyrnae

111 4116 257 4170 historiam
272 4115 427 4170 Romanam
446 4134 547 4187 graece
567 4124 596 4171 et
609 4117 646 4168 vi·
692 4138 717 4176 28
731 4137 922 4192 Forchbummeres
937 4133 1024 4185 (tuaest.
1036 4134 1097 4178 crite.
1112 4133 1140 4176 tle
1153 4145 1205 4177 reru

666 4187 835 4228 contremuerint
844 4187 871 4228 rie
886 4186 949 4228 bellis
963 4187 1034 4235 cicili,
1047 4185 1204 4234 Alexandrino,

667 4240 681 4278 Α
696 4239 780 4286 νιίιιιιο,
793 4236 932 4289 llispuniessi
941 4237 1070 4279 erueturne·
1086 4237 1173 4278 relicus
1182 4248 1203 4286 p.

135 4290 161 4327 tt
175 4288 406 4336 elementum,
417 4289 443 4329 tls
454 4290 510 4339 legg.
521 4289 538 4328 1.
549 4292 599 4333 Μ.
667 4293 678 4329 4

135 4342 160 4380 st
175 4339 222 4379 Cic.
232 4341 259 4378 de
271 4341 369 4390 lembi.
379 4341 471 4391 Dionys.
481 4342 530 4380 llsl.
542 4341 589 4380 1.11
599 4351 648 4380 eum
667 4341 781 4381 Caesarem
792 4341 870 4380 sllcubl
885 4343 1020 4390 exposuisse.
1040 4351 1078 4378 cnr
1092 4342 1131 4378 bos
1145 4351 1204 4378 eom-

108 4392 132 4429 lu
141 4392 315 4439 pmdsntlsslmls
329 4392 437 4431 blstorlcls
447 4398 532 4441 practer
542 4392 647 4431 cutonem
667 4394 783 4432 mentarlos
792 4394 871 4438 ederet.
883 4394 1004 4440 tsctumque
1015 4393 1101 4440 ldputst
1112 4394 1133 4429 ln
1143 4400 1204 4439 prue-

107 4447 216 4482 numerat
245 4444 272 4481 Sa
290 4444 369 4482 tenues
383 4453 432 4482 cem
447 4444 473 4482 ds
489 4444 580 4483 bistorls
597 4453 648 4482 eon·
668 4444 748 4484 tattone
762 4445 830 4494 lpsles
840 4445 922 4493 operis:
938 4445 975 4482 sed
986 4454 1032 4482 enm
1043 4443 1150 4481 lnterilssc
1164 4452 1204 4480 nco

107 4495 222 4533 scribenda
236 4455 345 4534 indirecte
356 4494 419 4533 «lueet
433 4495 537 4544 prsefstlo
550 4505 563 4532 s
577 4493 648 4533 ticillo
656 4464 659 4543 i
667 4497 725 4540 aelst,
740 4496 766 4535 sd
776 4506 839 4543 quern
849 4495 898 4533 illos
910 4495 974 4533 libros
985 4494 1074 4532 mlserlt.
1101 4493 1153 4530 Mlbl
1164 4502 1204 4530 nes
1247 4500 1263 4525 ο

108 4545 135 4580 V.
146 4547 170 4584 18
177 4551 273 4585 servm.
657 4557 706 4595 :per
715 4557 737 4585 se
748 4547 856 4596 probablle
871 4546 966 4592 videtur,
982 4544 1134 4594 praelationem
1144 4543 1203 4582 sodl-

702 4292 741 4330 bos
751 4291 810 4329 locos
820 4292 872 4329 ustis
882 4291 995 4329 ostendere
1009 4291 1119 4339 optentur.
1134 4290 1205 4338 ipsum
