2692 5206
421 792 539 850 COMM.
556 795 608 849 111.
627 795 745 850 14-17.
1051 786 1095 850 49

66 927 170 996 erant,
196 918 325 1004 navigio
351 917 445 982 remis
471 918 597 983 incitato
623 919 931 1005 praerumpebantur.
980 920 1094 1006 quibus

67 1013 203 1078 abscisis
221 1024 386 1077 antemnae
403 1013 579 1078 necessario
598 1013 817 1091 concidebant,
836 1025 883 1091 ut,
902 1036 974 1079 cum
991 1015 1094 1081 omnis

67 1104 202 1174 Gallicis
221 1106 354 1172 naribus
373 1129 446 1192 spes
468 1107 500 1172 in
518 1107 597 1171 volis
615 1110 878 1192 armamentisque
900 1110 1093 1186 consisteret,

67 1201 119 1266 liis
146 1201 262 1286 ereptis
288 1201 389 1266 omnis
411 1223 489 1266 usus
511 1202 639 1266 navium
660 1225 725 1266 uno
752 1214 890 1288 tempore
916 1203 1093 1287 eriperetur.

68 1294 224 1379 reliquum
242 1304 309 1359 erat
325 1310 482 1359 certamen
498 1295 636 1380 positum
654 1296 688 1359 in
707 1295 828 1373 virtute,
847 1317 910 1378 qua
926 1294 1024 1359 nostri
1037 1293 1096 1357 mi-

67 1389 140 1454 lites
158 1387 252 1453 facile
270 1387 468 1474 superabant,
487 1398 580 1472 atquc
598 1410 635 1453 eo
653 1389 765 1474 magis,
784 1390 869 1472 quod
882 1389 914 1452 in
927 1397 1096 1472 conspectu

69 1480 220 1548 Caesaris
237 1494 332 1566 atque
349 1482 450 1548 omnis
469 1483 624 1547 exercitus
643 1504 693 1546 res
712 1482 893 1568 gerebatur,
919 1493 954 1547 ut
974 1481 1096 1545 nullum

68 1576 165 1663 paulo
182 1576 295 1642 fortius
313 1576 432 1642 sactum
449 1577 547 1642 latere
564 1588 686 1664 posset3
714 1600 822 1642 omnes
845 1578 928 1642 enim
946 1577 1041 1643 colles
1060 1599 1097 1641 ac
1139 1651 1142 1657 ,

68 1672 140 1737 loca
157 1672 332 1757 superiora,
359 1672 443 1736 unde
461 1682 528 1736 erat
543 1673 739 1757 propinquus
762 1673 929 1757 despectus
951 1672 984 1736 in
1002 1694 1096 1748 mare,

70 1765 112 1832 ab
129 1766 270 1831 exercitu
287 1765 483 1831 tenebantur.
528 1766 681 1843 disiectis,
704 1777 739 1830 ut
757 1767 908 1843 diximus,
932 1766 1096 1843 antemnis,
1117 1786 1148 1832 15

70 1883 144 1925 cum
162 1859 304 1946 singulas
323 1859 414 1925 binae
431 1882 469 1925 ao
487 1869 592 1925 ternae
613 1881 710 1925 naves
733 1860 1013 1937 circumsteterant,
1040 1860 1099 1923 mi-

69 1954 141 2020 lites
160 1976 286 2018 summa
307 1955 339 2018 vi
362 1954 580 2018 transcendere
601 1953 636 2018 in
653 1954 791 2018 hostium
812 1976 909 2019 naves
932 1954 1098 2019 contende-

69 2047 156 2113 bant.
201 2047 288 2131 quod
305 2060 472 2133 postquam
490 2047 615 2114 barbari
632 2048 699 2112 fieri
721 2048 1017 2124 animadverterunt,
1045 2070 1099 2112 ex-

69 2141 220 2228 pugnatis
230 2141 442 2227 compluribus
453 2142 596 2218 navibus,
612 2165 684 2207 eum
695 2142 723 2206 ei
732 2143 776 2206 rei
785 2142 905 2206 nullum
913 2143 1099 2228 reperiretur

69 2235 234 2312 auxilium,
253 2235 332 2321 fuga
349 2235 483 2300 salutem
499 2246 605 2321 petere
624 2237 857 2301 contenderunt.
890 2259 927 2301 ac
944 2236 1006 2301 iam
1024 2258 1099 2300 con-

70 2329 171 2395 versis
187 2329 224 2393 in
240 2320 312 2393 eam
329 2339 450 2414 purtem
468 2330 615 2407 navibus,
642 2353 705 2414 quo
723 2340 835 2395 ventus
854 2330 987 2406 ferebat,
1015 2339 1101 2394 tanta

71 2422 179 2488 subito
195 2422 331 2487 malacia
347 2445 384 2487 ac
402 2423 610 2507 tranquillitas
628 2424 756 2501 exstitit,
775 2434 810 2488 ut
828 2446 862 2489 se
880 2447 920 2489 ex
933 2424 1002 2489 loco
1016 2445 1101 2488 oom-

71 2538 201 2582 movere
217 2538 282 2581 non
298 2527 437 2601 possent.
481 2539 562 2601 qnae
580 2517 707 2600 quidem
725 2539 776 2582 res
795 2518 835 2582 ad
852 2517 1013 2604 negotium
1027 2537 1101 2580 con-

71 2609 241 2676 liciendum
267 2610 403 2674 maxime
429 2610 490 2675 suit
516 2621 704 2697 opportuna:
734 2635 809 2676 nam
836 2612 975 2698 singrdas
1002 2610 1101 2674 nostri

71 2704 245 2769 consectati
263 2715 535 2789 expugnaverunt,
563 2715 598 2769 ut
615 2728 791 2791 perpaucae
809 2727 849 2769 ex
867 2705 952 2770 omni
970 2725 1101 2768 numero

71 2797 173 2862 noctis
191 2797 367 2862 interventu
384 2798 425 2862 ad
443 2810 557 2864 terram
574 2799 780 2884 pervenerint,
800 2820 870 2863 oum
888 2797 928 2862 ab
947 2797 1024 2862 hora
1036 2796 1101 2860 fere

72 2902 186 2976 quarta
203 2913 303 2975 usque
326 2892 366 2956 ad
388 2892 462 2958 solis
486 2915 632 2958 occasum
654 2902 855 2979 pugnaretur.
899 2913 962 2975 quo
983 2890 1101 2976 proelio
1121 2909 1151 2957 16

73 2984 193 3051 bellum
220 2984 413 3049 Venetorum
439 2987 597 3070 totiusque
624 3009 697 3052 orae
724 2986 898 3050 maritimae
925 2985 1101 3049 confectum

73 3090 132 3145 est.
168 3102 242 3143 nam
261 3101 332 3143 cum
350 3081 450 3145 omnia
468 3080 623 3158 iuventus,
642 3102 750 3145 omnes
769 3080 863 3144 etiam
880 3079 1033 3166 gravioris
1051 3099 1103 3142 ae-

76 3174 163 3248 tatis,
194 3173 228 3236 in
253 3172 367 3256 quibus
394 3175 512 3257 aliquid
539 3175 660 3240 consilii
686 3185 740 3239 aut
771 3175 930 3260 dignitatis
961 3174 1034 3250 fuit,
1064 3195 1102 3236 eo

76 3278 300 3344 convenerant,
328 3283 394 3331 tum
420 3268 548 3332 navium
574 3270 660 3352 quod
685 3268 801 3351 ubique
824 3268 926 3332 fuerat
947 3269 979 3332 in
1005 3290 1101 3331 unum

76 3357 182 3422 locum
209 3365 388 3444 coiigerant;
419 3362 533 3446 quibus
560 3364 685 3428 amissis
712 3363 823 3446 reliqui
848 3384 950 3445 neque
976 3383 1039 3445 quo
1067 3383 1101 3424 se

76 3452 260 3537 reciperent,
280 3476 381 3538 neque
398 3457 663 3540 quemadmodum
682 3458 798 3543 oppida
814 3456 1029 3532 defenderent,
1048 3455 1104 3518 ha-

78 3545 205 3612 bebant
249 3546 354 3630 itaque
372 3571 406 3615 sc
424 3573 543 3634 suaque
561 3552 666 3617 omnia
685 3550 815 3616 Caesari
833 3551 1026 3615 dediderunt.
1071 3549 1103 3610 in

78 3662 160 3724 qnos
185 3663 224 3706 eo
249 3643 376 3727 gravius
404 3642 523 3709 Caesar
549 3646 771 3709 vindicandum
797 3644 918 3720 statuit,
946 3664 1008 3725 quo
1035 3640 1104 3704 dili-

79 3734 204 3821 gentins
221 3735 255 3799 in
271 3735 424 3820 reliquum
442 3748 566 3825 tempus
585 3764 605 3804 a
621 3739 761 3804 barbaris
779 3739 828 3802 ius
843 3738 1017 3823 legatorum
1030 3757 1104 3798 eon·

81 3839 266 3895 remoretur.
296 3830 401 3915 itaque
420 3836 505 3898 omni
519 3845 630 3899 senatu
644 3843 754 3898 necato
767 3833 903 3916 reliquos
918 3830 977 3895 sub
990 3850 1105 3894 corona

80 3924 231 3989 vendidit.

143 4017 233 4083 Dum
250 4018 330 4085 hacc
346 4020 380 4085 in
398 4020 527 4088 Venetis
545 4032 710 4108 geruntur,
730 4021 867 4104 Quintus
886 4016 1026 4083 Titurius
1047 4013 1106 4080 Sa·
1124 4035 1154 4082 17

84 4106 175 4174 binus
192 4135 265 4179 eum
281 4115 321 4180 iis
339 4116 452 4201 copiis,
480 4139 559 4200 quas
577 4141 597 4182 a
616 4115 752 4182 Caesare
770 4124 946 4199 acceperat,
973 4112 1006 4176 in
1027 4110 1105 4176 fines

85 4200 286 4268 Venellorum
305 4210 455 4293 pervenit.
483 4212 532 4276 his
549 4221 692 4296 praeerat
709 4210 874 4274 Viridovix
896 4230 933 4272 ac
951 4229 1105 4273 summam

85 4296 205 4382 imperii
226 4296 353 4361 tenebat
372 4325 479 4369 earum
506 4307 646 4370 omnium
673 4304 848 4380 civitatum,
875 4324 956 4386 quac
984 4302 1106 4366 desece-

86 4400 165 4468 ΝΜ,
192 4413 233 4456 ex
259 4390 373 4475 quibus
395 4400 565 4463 exercitum
593 4420 785 4484 magnasque
812 4397 919 4483 copias
946 4401 1104 4482 coegerae

86 4494 176 4569 atquc
197 4484 248 4551 his
270 4484 379 4571 paucis
406 4486 517 4552 diebus
540 4492 669 4555 Aulerci
692 4491 887 4556 Eburovices
909 4488 1105 4570 Lexoviique

87 4590 195 4645 senatu
216 4601 275 4645 sno
296 4579 473 4661 interfecto,
501 4584 585 4667 quod
604 4594 746 4649 auctores
764 4584 837 4649 belli
860 4605 930 4649 essc
948 4581 1105 4659 nolebant,

137 4678 207 4724 tuan
216 4679 306 4725 cumr.
918 4683 937 4737 4
