2738 5272
178 731 241 797 376
487 737 602 793 BELLI
620 732 886 792 HISPANIENSIS

180 866 349 930 nefandum
368 860 678 942 crudelissimumque
696 859 818 923 facinus
836 865 910 921 sunt
927 856 1089 942 aggressi
1102 856 1137 920 in
1151 878 1221 920 eon·

180 969 350 1045 speetuque
368 968 474 1021 nostro
492 954 645 1039 hospites,
673 953 727 1036 qui
744 952 777 1016 in
794 950 909 1037 oppido
931 961 1044 1028 erant,
1076 950 1219 1036 iugulare

180 1066 211 1121 et
228 1055 267 1119 de
284 1074 373 1117 muro
390 1050 575 1136 praecipites
593 1049 714 1112 mittere
732 1056 908 1131 coeperunt,
928 1045 1028 1109 sicuti
1043 1047 1139 1131 apud
1153 1045 1219 1110 bar·

180 1147 288 1223 baros;
310 1145 394 1228 quod
415 1153 488 1230 post
510 1142 669 1206 hominum
691 1140 872 1204 memoriam
894 1161 1080 1222 numquam
1106 1151 1159 1204 est
1175 1140 1218 1203 fa·

133 1264 162 1311 rc
181 1254 274 1308 etum.
301 1239 393 1303 huius
412 1237 473 1302 diei
485 1247 624 1301 extremo
638 1246 775 1319 tempore
789 1256 808 1297 a
820 1231 1027 1316 Pompeianis
1044 1233 1136 1298 elam
1153 1230 1217 1320 [ad]

181 1347 304 1400 nostros
323 1331 500 1397 tabellarius
515 1339 563 1394 est
576 1329 701 1403 missus,
720 1338 754 1390 ut
767 1349 805 1390 ea
818 1335 910 1390 noete
924 1335 1031 1390 turres
1048 1349 1219 1412 aggerem·

181 1452 242 1513 que
260 1426 458 1492 incenderent
476 1435 507 1489 et
525 1423 614 1487 tertia
631 1422 737 1507 vigilia
755 1419 947 1504 eruptionem
973 1419 1138 1485 facerent
1179 1422 1218 1485 ita

180 1525 254 1609 igne
272 1521 464 1603 telorumque
482 1515 677 1581 multitudiue
694 1515 776 1579 iacta
793 1535 865 1578 eum
878 1511 957 1577 bene
973 1536 1138 1599 magnam
1153 1537 1220 1599 par-

182 1628 245 1680 tem
263 1614 410 1699 temporis
428 1611 708 1695 consumpsissent,
732 1619 866 1693 portam,
893 1629 976 1690 quae
995 1630 1014 1671 e
1033 1609 1175 1694 regione
1191 1621 1220 1673 et

181 1712 214 1775 in
237 1716 405 1793 conspectu
425 1704 558 1789 Pompei
580 1715 752 1767 castrorum
773 1702 888 1776 fuerat,
916 1713 1138 1785 aperuerunt,
1171 1724 1220 1767 co·

183 1804 314 1890 piaeque
341 1809 423 1864 totae
449 1797 642 1882 eruptionem
664 1794 804 1858 fecerunt
831 1815 1003 1875 secumque
1031 1797 1219 1860 extulerunt

184 1895 332 1983 virgulta,
361 1903 460 1958 crates
483 1891 523 1955 ad
545 1891 648 1954 fossas
672 1888 871 1972 complendas
894 1898 925 1950 et
946 1885 1166 1975 harpagones
1184 1889 1220 1953 ad

184 2014 287 2065 casas,
315 2010 395 2071 quac
421 1984 648 2051 stramenticiae
674 1982 714 2046 ab
743 1983 855 2046 nostris
882 1980 1097 2046 hibernorum
1126 2005 1220 2048 eausa

184 2084 362 2150 aedificatae
380 2090 480 2154 erant,
500 2076 665 2141 diruendas
684 2087 714 2139 et
732 2076 954 2149 incendendas,
978 2088 1159 2160 praeterea
1176 2101 1220 2141 ar·

184 2186 325 2262 gentum,
344 2172 542 2245 vestimenta,
560 2180 608 2246 ut,
627 2169 700 2232 dum
719 2169 817 2232 nostri
833 2169 865 2232 in
883 2168 1002 2253 praeda
1020 2169 1218 2245 detinentur,

183 2269 228 2333 illi
250 2266 344 2330 caede
367 2265 449 2328 faeta
470 2264 510 2327 ad
532 2262 686 2347 praesidia
707 2261 840 2346 Pompei
862 2285 896 2326 se
917 2262 1121 2346 reciperent:
1150 2288 1219 2328 nam

183 2361 266 2446 quod
288 2357 485 2422 existimabat
507 2381 560 2421 eos
582 2379 675 2441 posse
698 2369 842 2420 conatum
864 2357 1003 2431 efficere,
1032 2370 1139 2422 nocte
1158 2372 1218 2423 tota

183 2455 264 2518 ultra
282 2453 345 2516 ibat
363 2452 478 2515 flumen
498 2450 623 2516 Salsum
642 2451 673 2513 in
691 2451 766 2514 neie.
804 2451 887 2532 quod
905 2450 1025 2513 sactum
1044 2450 1130 2516 lieet
1150 2475 1218 2516 nee-

183 2545 381 2632 opinantibus
400 2545 512 2609 nostris
537 2555 619 2607 esset
640 2558 777 2628 gestum,
806 2554 909 2606 tamen
930 2543 1048 2606 virtute
1076 2545 1158 2609 freti
1175 2568 1219 2609 re-

184 2640 291 2725 pulsos
309 2640 476 2721 multisque
493 2637 672 2702 vulneribus
691 2639 820 2700 affectos
842 2637 956 2721 oppido
979 2654 1217 2721 represserunt,

183 2734 329 2819 praedam
348 2754 495 2816 armaque
513 2755 619 2796 eorum
639 2743 711 2794 sunt
728 2731 817 2814 potiti
840 2732 990 2812 vivosque
1014 2731 1152 2814 aliquos
1171 2755 1218 2798 ee·

184 2838 303 2912 perurit,
323 2828 375 2909 qui
394 2837 518 2911 postero
533 2826 581 2888 dic
596 2835 667 2888 sunt
683 2824 845 2887 interfecti.
874 2823 1048 2905 eodemque
1071 2836 1218 2911 tempore

184 2920 347 3005 transfuga
372 2920 525 2983 nuntiavit
551 2941 590 2981 ex
616 2918 730 3002 oppido
753 2916 892 2993 Iunium,
921 2917 974 2999 qui
1000 2918 1034 2980 in
1064 2921 1219 2984 cuniculo

184 3013 309 3087 fuisset,
337 3013 526 3097 iugulatione
550 3012 774 3095 oppidanorum
797 3011 881 3074 facta
903 3010 1060 3074 clamasse
1088 3015 1218 3077 facinus

184 3130 218 3171 se
240 3106 408 3169 nefandum
431 3116 462 3169 et
484 3105 586 3168 scelus
609 3105 735 3168 fecisse:
764 3128 835 3167 nam
862 3127 915 3168 cos
938 3103 1014 3167 nihil
1042 3109 1218 3182 meruisse,

184 3223 278 3282 quare
297 3200 349 3262 tali
367 3222 467 3284 poena
484 3199 689 3274 afficerentur,
708 3199 761 3281 qui
776 3221 828 3262 eos
843 3199 883 3261 ad
897 3222 966 3262 aras
980 3209 1011 3261 et
1026 3199 1126 3267 foeos
1143 3225 1217 3267 suos

184 3293 384 3377 recepissent,
403 3315 518 3374 cosque
532 3292 700 3376 hospitium
719 3293 833 3356 scelere
847 3292 1097 3372 contaminasse3
1119 3298 1220 3361 multa

184 3401 342 3472 praeterea
360 3385 490 3462 dixisse,
518 3387 733 3468 quaeratione
752 3387 912 3449 deterritos
930 3386 1067 3470 amplius
1090 3390 1220 3476 iugula-

136 3482 301 3549 titionem
323 3502 385 3543 non
408 3481 529 3544 fecisse.
574 3481 617 3544 ita
634 3495 758 3564 postero
781 3481 830 3543 die
850 3480 971 3543 Tullius
989 3480 1125 3565 legatus
1147 3509 1219 3550 eum

186 3576 305 3640 Catone
331 3575 485 3638 Lusitano
513 3575 598 3637 venit
627 3585 658 3637 et
688 3575 771 3658 apud
799 3574 966 3637 Caesarem
992 3575 1097 3640 verba
1128 3580 1219 3644 fecit:

186 3669 329 3734 ‘Utinam
351 3669 477 3752 quidem
496 3669 538 3732 dii
557 3669 745 3732 immortales
763 3669 923 3744 fecissent,
951 3679 984 3731 ut
1007 3679 1085 3734 tuus
1108 3677 1219 3757 potius

185 3764 273 3827 miles
300 3786 393 3846 quam
420 3763 478 3826 Cn.
502 3762 633 3846 Pompei
660 3762 760 3826 faetus
788 3785 889 3827 essem
916 3772 946 3826 et
971 3762 1055 3826 hane
1085 3768 1219 3834 virtutis

184 3857 389 3921 constantiam
407 3857 439 3919 in
458 3867 511 3920 tua
528 3857 670 3932 victoria,
689 3879 752 3919 non
769 3857 801 3919 in
820 3857 901 3919 illius
920 3856 1102 3922 calamitate
1124 3884 1218 3946 prae·

186 3961 309 4014 starem.
337 3950 425 4013 euius
439 3950 582 4013 funestae
600 3950 707 4013 laudes
726 3950 871 4032 quoniam
891 3949 1029 4013 adhunc
1049 3952 1220 4020 fortunam

184 4045 371 4120 reciderunt,
394 4054 428 4107 ut
446 4045 530 4107 cives
548 4044 682 4107 Romani
699 4044 873 4129 indigentes
892 4044 1038 4129 praesidii
1059 4095 1218 4115 ......

185 4150 216 4201 et
233 4150 357 4223 propter
378 4139 494 4222 patriae
517 4138 691 4200 luctuosam
712 4139 879 4222 perniciem
902 4139 1046 4202 dedimur
1070 4141 1219 4209 hostium

185 4255 326 4308 numero,
354 4233 525 4315 quinoque
547 4232 579 4294 in
601 4232 682 4295 illius
701 4255 849 4316 prospera
870 4233 935 4296 acie
957 4233 1093 4316 primam
1116 4239 1220 4303 sortia

185 4348 268 4401 nam,
287 4347 387 4409 neque
404 4325 437 4389 in
456 4327 587 4390 adversa
605 4327 772 4390 secundam
792 4326 980 4389 obtinuimus
1001 4324 1217 4418 [victorium].

186 4419 239 4500 qui
248 4418 404 4503 legionum
415 4431 460 4484 tot
472 4421 606 4504 impetus
621 4431 837 4497 sustentantes,
852 4421 1008 4484 nocturnis
1023 4422 1218 4509 diurnisque

187 4512 331 4595 operibus
349 4514 522 4598 gladiorum
540 4515 619 4578 ictus
639 4514 830 4597 telorumque
848 4515 961 4579 missus
976 4527 1217 4598 exspectantes,
