<?xml version="1.0" encoding="UTF-8"?>
<!DOCTYPE html PUBLIC "-//W3C//DTD XHTML 1.0 Transitional//EN"
    "http://www.w3.org/TR/xhtml1/DTD/xhtml1-transitional.dtd">
<html xmlns="http://www.w3.org/1999/xhtml" xml:lang="en" lang="en">
 <head>
  <title>
</title>
<meta http-equiv="Content-Type" content="text/html;charset=utf-8" />
  <meta name='ocr-system' content='tesseract 3.04.00' />
  <meta name='ocr-capabilities' content='ocr_page ocr_carea ocr_par ocr_line ocrx_word'/>
</head>
<body>
  <div class='ocr_page' id='page_1' title='image "./ciuliicaesarisc03krangoog_0217.png"; bbox 0 0 2692 5206; ppageno 0'>
   <div class='ocr_carea' id='block_1_1' title="bbox 397 808 1076 876">
    <p class='ocr_par' dir='ltr' id='par_1_1' title="bbox 397 808 1076 876">
     <span class='ocr_line' id='line_1_1' title="bbox 397 808 1076 876; baseline 0.003 -3"><span class='ocrx_word' id='word_1_1' title='bbox 397 816 515 874; x_wconf 78' lang='lat' dir='ltr'>COMM.</span> <span class='ocrx_word' id='word_1_2' title='bbox 531 818 597 876; x_wconf 88' lang='lat' dir='ltr'>Vll.</span> <span class='ocrx_word' id='word_1_3' title='bbox 615 818 736 873; x_wconf 74' lang='lat' dir='ltr'>stt-ts.</span> <span class='ocrx_word' id='word_1_4' title='bbox 1014 808 1076 875; x_wconf 83' lang='grc'>145</span> 
     </span>
    </p>
   </div>
   <div class='ocr_carea' id='block_1_2' title="bbox 10 941 1190 4601">
    <p class='ocr_par' dir='ltr' id='par_1_2' title="bbox 10 941 1190 4601">
     <span class='ocr_line' id='line_1_2' title="bbox 51 941 1074 1033; baseline 0.003 -24"><span class='ocrx_word' id='word_1_5' title='bbox 51 944 105 1028; x_wconf 90' lang='lat' dir='ltr'>qui</span> <span class='ocrx_word' id='word_1_6' title='bbox 130 965 191 1030; x_wconf 88' lang='lat' dir='ltr'>per</span> <span class='ocrx_word' id='word_1_7' title='bbox 211 951 346 1007; x_wconf 87' lang='lat' dir='ltr'>aetatem</span> <span class='ocrx_word' id='word_1_8' title='bbox 368 964 454 1007; x_wconf 89' lang='lat' dir='ltr'>arma</span> <span class='ocrx_word' id='word_1_9' title='bbox 480 941 560 1006; x_wconf 87' lang='lat' dir='ltr'>ferre</span> <span class='ocrx_word' id='word_1_10' title='bbox 585 942 719 1027; x_wconf 85' lang='lat' dir='ltr'><strong>possint,</strong></span> <span class='ocrx_word' id='word_1_11' title='bbox 747 942 788 1006; x_wconf 89' lang='lat' dir='ltr'>ad</span> <span class='ocrx_word' id='word_1_12' title='bbox 809 942 926 1009; x_wconf 91' lang='lat' dir='ltr'>bellum</span> <span class='ocrx_word' id='word_1_13' title='bbox 947 956 1074 1033; x_wconf 83' lang='lat' dir='ltr'>cogant3</span> 
     </span>
     <span class='ocr_line' id='line_1_3' title="bbox 54 1035 1075 1122; baseline 0.005 -21"><span class='ocrx_word' id='word_1_14' title='bbox 54 1061 110 1103; x_wconf 87' lang='lat' dir='ltr'>sua</span> <span class='ocrx_word' id='word_1_15' title='bbox 125 1039 161 1103; x_wconf 92' lang='lat' dir='ltr'>in</span> <span class='ocrx_word' id='word_1_16' title='bbox 178 1037 250 1102; x_wconf 86' lang='lat' dir='ltr'>illos</span> <span class='ocrx_word' id='word_1_17' title='bbox 267 1037 377 1101; x_wconf 88' lang='lat' dir='ltr'>merita</span> <span class='ocrx_word' id='word_1_18' title='bbox 394 1037 538 1122; x_wconf 81' lang='lat' dir='ltr'>proponit</span> <span class='ocrx_word' id='word_1_19' title='bbox 556 1035 803 1120; x_wconf 78' lang='lat' dir='ltr'>obtestaturque,</span> <span class='ocrx_word' id='word_1_20' title='bbox 821 1047 855 1101; x_wconf 94' lang='lat' dir='ltr'>ut</span> <span class='ocrx_word' id='word_1_21' title='bbox 873 1060 947 1104; x_wconf 89' lang='lat' dir='ltr'>suae</span> <span class='ocrx_word' id='word_1_22' title='bbox 966 1040 1075 1106; x_wconf 79' lang='lat' dir='ltr'>salutis</span> 
     </span>
     <span class='ocr_line' id='line_1_4' title="bbox 56 1130 1075 1220; baseline 0.004 -25"><span class='ocrx_word' id='word_1_23' title='bbox 56 1133 206 1196; x_wconf 87' lang='lat' dir='ltr'>rationem</span> <span class='ocrx_word' id='word_1_24' title='bbox 231 1130 368 1195; x_wconf 88' lang='lat' dir='ltr'>babeant</span> <span class='ocrx_word' id='word_1_25' title='bbox 393 1152 455 1194; x_wconf 90' lang='lat' dir='ltr'>neu</span> <span class='ocrx_word' id='word_1_26' title='bbox 481 1152 515 1194; x_wconf 88' lang='lat' dir='ltr'>se</span> <span class='ocrx_word' id='word_1_27' title='bbox 540 1130 580 1195; x_wconf 90' lang='lat' dir='ltr'>de</span> <span class='ocrx_word' id='word_1_28' title='bbox 607 1130 764 1194; x_wconf 91' lang='lat' dir='ltr'>communi</span> <span class='ocrx_word' id='word_1_29' title='bbox 793 1131 933 1197; x_wconf 86' lang='lat' dir='ltr'>libertate</span> <span class='ocrx_word' id='word_1_30' title='bbox 959 1134 1075 1220; x_wconf 86' lang='lat' dir='ltr'>optime</span> 
     </span>
     <span class='ocr_line' id='line_1_5' title="bbox 59 1224 1076 1309; baseline 0.005 -20"><span class='ocrx_word' id='word_1_31' title='bbox 59 1226 199 1291; x_wconf 88' lang='lat' dir='ltr'>meritum</span> <span class='ocrx_word' id='word_1_32' title='bbox 239 1224 382 1289; x_wconf 83' lang='lat' dir='ltr'>hostibus</span> <span class='ocrx_word' id='word_1_33' title='bbox 404 1225 437 1288; x_wconf 95' lang='lat' dir='ltr'>in</span> <span class='ocrx_word' id='word_1_34' title='bbox 460 1225 632 1289; x_wconf 88' lang='lat' dir='ltr'>cruciatum</span> <span class='ocrx_word' id='word_1_35' title='bbox 654 1224 778 1289; x_wconf 83' lang='lat' dir='ltr'>dedant.</span> <span class='ocrx_word' id='word_1_36' title='bbox 823 1227 908 1309; x_wconf 92' lang='lat' dir='ltr'>quod</span> <span class='ocrx_word' id='word_1_37' title='bbox 930 1228 957 1292; x_wconf 85' lang='lat' dir='ltr'>si</span> <span class='ocrx_word' id='word_1_38' title='bbox 973 1229 1076 1293; x_wconf 91' lang='lat' dir='ltr'>indili-</span> 
     </span>
     <span class='ocr_line' id='line_1_6' title="bbox 63 1319 1075 1405; baseline 0.004 -20"><span class='ocrx_word' id='word_1_39' title='bbox 63 1321 210 1405; x_wconf 81' lang='lat' dir='ltr'>gentiores</span> <span class='ocrx_word' id='word_1_40' title='bbox 237 1319 366 1396; x_wconf 83' lang='lat' dir='ltr'>suerint,</span> <span class='ocrx_word' id='word_1_41' title='bbox 396 1319 482 1383; x_wconf 91' lang='lat' dir='ltr'>milia</span> <span class='ocrx_word' id='word_1_42' title='bbox 507 1319 669 1383; x_wconf 89' lang='lat' dir='ltr'>hominum</span> <span class='ocrx_word' id='word_1_43' title='bbox 699 1320 820 1384; x_wconf 86' lang='lat' dir='ltr'>delecta</span> <span class='ocrx_word' id='word_1_44' title='bbox 844 1320 987 1386; x_wconf 87' lang='lat' dir='ltr'>LXXX</span> <span class='ocrx_word' id='word_1_45' title='bbox 1012 1347 1075 1389; x_wconf 91' lang='lat' dir='ltr'>una</span> 
     </span>
     <span class='ocr_line' id='line_1_7' title="bbox 67 1412 1076 1500; baseline 0.004 -22"><span class='ocrx_word' id='word_1_46' title='bbox 67 1434 162 1478; x_wconf 80' lang='lat' dir='ltr'>secum</span> <span class='ocrx_word' id='word_1_47' title='bbox 178 1413 341 1478; x_wconf 89' lang='lat' dir='ltr'>interitura</span> <span class='ocrx_word' id='word_1_48' title='bbox 357 1413 557 1478; x_wconf 88' lang='lat' dir='ltr'>demonstrat.</span> <span class='ocrx_word' id='word_1_49' title='bbox 597 1412 715 1478; x_wconf 90' lang='lat' dir='ltr'>ratione</span> <span class='ocrx_word' id='word_1_50' title='bbox 734 1413 810 1477; x_wconf 88' lang='lat' dir='ltr'>inita</span> <span class='ocrx_word' id='word_1_51' title='bbox 827 1436 861 1478; x_wconf 89' lang='lat' dir='ltr'>se</span> <span class='ocrx_word' id='word_1_52' title='bbox 879 1415 993 1500; x_wconf 84' lang='lat' dir='ltr'>exigue</span> <span class='ocrx_word' id='word_1_53' title='bbox 1010 1416 1076 1482; x_wconf 86' lang='lat' dir='ltr'>die-</span> 
     </span>
     <span class='ocr_line' id='line_1_8' title="bbox 70 1507 1074 1597; baseline 0.002 -23"><span class='ocrx_word' id='word_1_54' title='bbox 70 1530 124 1574; x_wconf 88' lang='lat' dir='ltr'>rum</span> <span class='ocrx_word' id='word_1_55' title='bbox 139 1508 252 1574; x_wconf 91' lang='lat' dir='ltr'>XXX</span> <span class='ocrx_word' id='word_1_56' title='bbox 272 1507 388 1573; x_wconf 85' lang='lat' dir='ltr'>habere</span> <span class='ocrx_word' id='word_1_57' title='bbox 409 1508 614 1585; x_wconf 86' lang='lat' dir='ltr'>frumentum,</span> <span class='ocrx_word' id='word_1_58' title='bbox 642 1508 699 1572; x_wconf 87' lang='lat' dir='ltr'>scd</span> <span class='ocrx_word' id='word_1_59' title='bbox 719 1509 813 1593; x_wconf 90' lang='lat' dir='ltr'>paulo</span> <span class='ocrx_word' id='word_1_60' title='bbox 835 1509 929 1574; x_wconf 85' lang='lat' dir='ltr'>etiam</span> <span class='ocrx_word' id='word_1_61' title='bbox 950 1509 1074 1597; x_wconf 91' lang='lat' dir='ltr'>longius</span> 
     </span>
     <span class='ocr_line' id='line_1_9' title="bbox 74 1602 1190 1689; baseline 0.003 -23"><span class='ocrx_word' id='word_1_62' title='bbox 74 1602 177 1668; x_wconf 82' lang='lat' dir='ltr'>tolerari</span> <span class='ocrx_word' id='word_1_63' title='bbox 200 1625 296 1689; x_wconf 86' lang='lat' dir='ltr'>posse</span> <span class='ocrx_word' id='word_1_64' title='bbox 317 1603 482 1688; x_wconf 90' lang='lat' dir='ltr'>parcendo.</span> <span class='ocrx_word' id='word_1_65' title='bbox 526 1602 575 1666; x_wconf 90' lang='lat' dir='ltr'>bis</span> <span class='ocrx_word' id='word_1_66' title='bbox 602 1602 683 1667; x_wconf 90' lang='lat' dir='ltr'>datis</span> <span class='ocrx_word' id='word_1_67' title='bbox 710 1603 878 1680; x_wconf 90' lang='lat' dir='ltr'>mandatis,</span> <span class='ocrx_word' id='word_1_68' title='bbox 906 1625 969 1687; x_wconf 91' lang='lat' dir='ltr'>qua</span> <span class='ocrx_word' id='word_1_69' title='bbox 995 1626 1073 1689; x_wconf 89' lang='lat' dir='ltr'>opus</span> <span class='ocrx_word' id='word_1_70' title='bbox 1187 1642 1190 1648; x_wconf 91' lang='lat'>-</span> 
     </span>
     <span class='ocr_line' id='line_1_10' title="bbox 77 1695 1073 1782; baseline 0.001 -21"><span class='ocrx_word' id='word_1_71' title='bbox 77 1708 123 1760; x_wconf 81' lang='lat' dir='ltr'>cat</span> <span class='ocrx_word' id='word_1_72' title='bbox 136 1697 357 1775; x_wconf 88' lang='lat' dir='ltr'>intermissum,</span> <span class='ocrx_word' id='word_1_73' title='bbox 377 1697 514 1761; x_wconf 87' lang='lat' dir='ltr'>secunda</span> <span class='ocrx_word' id='word_1_74' title='bbox 530 1697 638 1782; x_wconf 85' lang='lat' dir='ltr'>vigilia</span> <span class='ocrx_word' id='word_1_75' title='bbox 651 1695 773 1761; x_wconf 89' lang='lat' dir='ltr'>silentio</span> <span class='ocrx_word' id='word_1_76' title='bbox 787 1698 959 1780; x_wconf 79' lang='lat' dir='ltr'>equitatum</span> <span class='ocrx_word' id='word_1_77' title='bbox 971 1698 1073 1763; x_wconf 90' lang='lat' dir='ltr'>mittit.</span> 
     </span>
     <span class='ocr_line' id='line_1_11' title="bbox 81 1788 1074 1876; baseline 0.002 -21"><span class='ocrx_word' id='word_1_78' title='bbox 81 1788 245 1857; x_wconf 66' lang='lat' dir='ltr'>inmensum</span> <span class='ocrx_word' id='word_1_79' title='bbox 263 1813 356 1855; x_wconf 94' lang='lat' dir='ltr'>omne</span> <span class='ocrx_word' id='word_1_80' title='bbox 374 1792 414 1855; x_wconf 93' lang='lat' dir='ltr'>ad</span> <span class='ocrx_word' id='word_1_81' title='bbox 431 1813 465 1856; x_wconf 90' lang='lat' dir='ltr'>se</span> <span class='ocrx_word' id='word_1_82' title='bbox 487 1790 595 1855; x_wconf 86' lang='lat' dir='ltr'>referri</span> <span class='ocrx_word' id='word_1_83' title='bbox 612 1789 712 1869; x_wconf 83' lang='lat' dir='ltr'>iubet3</span> <span class='ocrx_word' id='word_1_84' title='bbox 739 1791 849 1876; x_wconf 89' lang='lat' dir='ltr'>capitis</span> <span class='ocrx_word' id='word_1_85' title='bbox 871 1812 1005 1876; x_wconf 90' lang='lat' dir='ltr'>poenam</span> <span class='ocrx_word' id='word_1_86' title='bbox 1024 1793 1074 1870; x_wconf 88' lang='lat' dir='ltr'>iis,</span> 
     </span>
     <span class='ocr_line' id='line_1_12' title="bbox 82 1884 1074 1972; baseline 0.002 -23"><span class='ocrx_word' id='word_1_87' title='bbox 82 1884 196 1964; x_wconf 83' lang='lat' dir='ltr'>quinon</span> <span class='ocrx_word' id='word_1_88' title='bbox 220 1885 393 1970; x_wconf 87' lang='lat' dir='ltr'>paruerint,</span> <span class='ocrx_word' id='word_1_89' title='bbox 420 1885 596 1950; x_wconf 88' lang='lat' dir='ltr'>constituit:</span> <span class='ocrx_word' id='word_1_90' title='bbox 622 1907 733 1970; x_wconf 89' lang='lat' dir='ltr'>pecus,</span> <span class='ocrx_word' id='word_1_91' title='bbox 761 1885 849 1950; x_wconf 89' lang='lat' dir='ltr'>cuius</span> <span class='ocrx_word' id='word_1_92' title='bbox 872 1909 988 1972; x_wconf 84' lang='lat' dir='ltr'>magna</span> <span class='ocrx_word' id='word_1_93' title='bbox 1009 1898 1074 1951; x_wconf 87' lang='lat' dir='ltr'>erat</span> 
     </span>
     <span class='ocr_line' id='line_1_13' title="bbox 84 1977 1075 2063; baseline 0.004 -22"><span class='ocrx_word' id='word_1_94' title='bbox 84 1979 149 2062; x_wconf 85' lang='lat' dir='ltr'>copia</span> <span class='ocrx_word' id='word_1_95' title='bbox 175 1977 215 2043; x_wconf 93' lang='lat' dir='ltr'>ab</span> <span class='ocrx_word' id='word_1_96' title='bbox 240 1978 426 2044; x_wconf 83' lang='lat' dir='ltr'>Mandubiis</span> <span class='ocrx_word' id='word_1_97' title='bbox 456 1979 633 2063; x_wconf 89' lang='lat' dir='ltr'>compulsa,</span> <span class='ocrx_word' id='word_1_98' title='bbox 663 1978 777 2043; x_wconf 86' lang='lat' dir='ltr'>viritim</span> <span class='ocrx_word' id='word_1_99' title='bbox 804 1979 974 2058; x_wconf 90' lang='lat' dir='ltr'>distribuit;</span> <span class='ocrx_word' id='word_1_100' title='bbox 1008 1980 1075 2045; x_wconf 85' lang='lat' dir='ltr'>fru-</span> 
     </span>
     <span class='ocr_line' id='line_1_14' title="bbox 85 2072 1072 2160; baseline 0.005 -26"><span class='ocrx_word' id='word_1_101' title='bbox 85 2084 193 2137; x_wconf 84' lang='lat' dir='ltr'>uentum</span> <span class='ocrx_word' id='word_1_102' title='bbox 208 2095 303 2159; x_wconf 90' lang='lat' dir='ltr'>parce</span> <span class='ocrx_word' id='word_1_103' title='bbox 321 2084 352 2137; x_wconf 92' lang='lat' dir='ltr'>et</span> <span class='ocrx_word' id='word_1_104' title='bbox 369 2073 518 2158; x_wconf 89' lang='lat' dir='ltr'>paulatim</span> <span class='ocrx_word' id='word_1_105' title='bbox 537 2072 638 2136; x_wconf 88' lang='lat' dir='ltr'>metiri</span> <span class='ocrx_word' id='word_1_106' title='bbox 655 2072 802 2151; x_wconf 89' lang='lat' dir='ltr'>instituit;</span> <span class='ocrx_word' id='word_1_107' title='bbox 828 2075 934 2160; x_wconf 90' lang='lat' dir='ltr'>copias</span> <span class='ocrx_word' id='word_1_108' title='bbox 952 2096 1072 2152; x_wconf 88' lang='lat' dir='ltr'>omnes,</span> 
     </span>
     <span class='ocr_line' id='line_1_15' title="bbox 86 2167 1074 2254; baseline 0 -21"><span class='ocrx_word' id='word_1_109' title='bbox 86 2183 137 2245; x_wconf 78' lang='lat' dir='ltr'>quos</span> <span class='ocrx_word' id='word_1_110' title='bbox 152 2190 205 2253; x_wconf 91' lang='lat' dir='ltr'>pro</span> <span class='ocrx_word' id='word_1_111' title='bbox 223 2167 340 2252; x_wconf 90' lang='lat' dir='ltr'>oppido</span> <span class='ocrx_word' id='word_1_112' title='bbox 359 2168 573 2243; x_wconf 78' lang='lat' dir='ltr'>collocaverat,</span> <span class='ocrx_word' id='word_1_113' title='bbox 590 2167 624 2230; x_wconf 93' lang='lat' dir='ltr'>in</span> <span class='ocrx_word' id='word_1_114' title='bbox 641 2167 790 2252; x_wconf 90' lang='lat' dir='ltr'>oppidum</span> <span class='ocrx_word' id='word_1_115' title='bbox 807 2169 925 2254; x_wconf 83' lang='lat' dir='ltr'>recipit.</span> <span class='ocrx_word' id='word_1_116' title='bbox 956 2168 1006 2232; x_wconf 86' lang='lat' dir='ltr'>his</span> <span class='ocrx_word' id='word_1_117' title='bbox 1023 2192 1074 2234; x_wconf 91' lang='lat' dir='ltr'>ra-</span> 
     </span>
     <span class='ocr_line' id='line_1_16' title="bbox 86 2255 1073 2344; baseline 0.007 -24"><span class='ocrx_word' id='word_1_118' title='bbox 86 2255 190 2325; x_wconf 87' lang='lat' dir='ltr'>tionibus</span> <span class='ocrx_word' id='word_1_119' title='bbox 220 2260 338 2326; x_wconf 81' lang='lat' dir='ltr'>auxilia</span> <span class='ocrx_word' id='word_1_120' title='bbox 369 2258 491 2326; x_wconf 87' lang='lat' dir='ltr'>Galliae</span> <span class='ocrx_word' id='word_1_121' title='bbox 522 2272 702 2344; x_wconf 86' lang='lat' dir='ltr'>exspectare</span> <span class='ocrx_word' id='word_1_122' title='bbox 733 2274 764 2325; x_wconf 93' lang='lat' dir='ltr'>ot</span> <span class='ocrx_word' id='word_1_123' title='bbox 795 2260 911 2326; x_wconf 90' lang='lat' dir='ltr'>bellum</span> <span class='ocrx_word' id='word_1_124' title='bbox 942 2262 1073 2328; x_wconf 87' lang='lat' dir='ltr'>admini-</span> 
     </span>
     <span class='ocr_line' id='line_1_17' title="bbox 87 2360 266 2440; baseline 0 -21"><span class='ocrx_word' id='word_1_125' title='bbox 87 2360 154 2419; x_wconf 77' lang='lat' dir='ltr'>tture</span> <span class='ocrx_word' id='word_1_126' title='bbox 168 2364 266 2440; x_wconf 90' lang='lat' dir='ltr'>parat.</span> 
     </span>
     <span class='ocr_line' id='line_1_18' title="bbox 126 2446 1122 2535; baseline 0.006 -23"><span class='ocrx_word' id='word_1_127' title='bbox 126 2446 241 2531; x_wconf 79' lang='lat' dir='ltr'>Quibus</span> <span class='ocrx_word' id='word_1_128' title='bbox 259 2449 352 2513; x_wconf 86' lang='lat' dir='ltr'>rebus</span> <span class='ocrx_word' id='word_1_129' title='bbox 371 2449 503 2535; x_wconf 85' lang='lat' dir='ltr'>cognitis</span> <span class='ocrx_word' id='word_1_130' title='bbox 526 2471 565 2512; x_wconf 87' lang='lat' dir='ltr'>ex</span> <span class='ocrx_word' id='word_1_131' title='bbox 586 2448 726 2535; x_wconf 87' lang='lat' dir='ltr'>perfugis</span> <span class='ocrx_word' id='word_1_132' title='bbox 750 2459 780 2513; x_wconf 87' lang='lat' dir='ltr'>et</span> <span class='ocrx_word' id='word_1_133' title='bbox 802 2450 933 2535; x_wconf 90' lang='lat' dir='ltr'>captivis</span> <span class='ocrx_word' id='word_1_134' title='bbox 952 2449 1072 2516; x_wconf 86' lang='lat' dir='ltr'>Caesar</span> <span class='ocrx_word' id='word_1_135' title='bbox 1091 2472 1122 2519; x_wconf 80' lang='lat'>72</span> 
     </span>
     <span class='ocr_line' id='line_1_19' title="bbox 10 2532 1073 2629; baseline 0.003 -24"><span class='ocrx_word' id='word_1_136' title='bbox 10 2562 12 2589; x_wconf 54' lang='grc' dir='ltr'>ἰ</span> <span class='ocrx_word' id='word_1_137' title='bbox 85 2532 137 2605; x_wconf 70' lang='lat' dir='ltr'>boec</span> <span class='ocrx_word' id='word_1_138' title='bbox 150 2565 263 2629; x_wconf 89' lang='lat' dir='ltr'>genera</span> <span class='ocrx_word' id='word_1_139' title='bbox 278 2542 459 2607; x_wconf 90' lang='lat' dir='ltr'>munitionis</span> <span class='ocrx_word' id='word_1_140' title='bbox 478 2542 619 2606; x_wconf 87' lang='lat' dir='ltr'>instituit.</span> <span class='ocrx_word' id='word_1_141' title='bbox 664 2541 783 2607; x_wconf 88' lang='lat' dir='ltr'>sossam</span> <span class='ocrx_word' id='word_1_142' title='bbox 800 2543 917 2628; x_wconf 91' lang='lat' dir='ltr'>pedum</span> <span class='ocrx_word' id='word_1_143' title='bbox 934 2543 1009 2608; x_wconf 93' lang='lat' dir='ltr'>XX</span> <span class='ocrx_word' id='word_1_144' title='bbox 1026 2545 1073 2608; x_wconf 92' lang='lat' dir='ltr'>di-</span> 
     </span>
     <span class='ocr_line' id='line_1_20' title="bbox 83 2633 1072 2713; baseline 0.005 -16"><span class='ocrx_word' id='word_1_145' title='bbox 83 2633 320 2701; x_wconf 70' lang='lat' dir='ltr'>aleatoribus</span> <span class='ocrx_word' id='word_1_146' title='bbox 347 2637 450 2713; x_wconf 84' lang='lat' dir='ltr'>duxit,</span> <span class='ocrx_word' id='word_1_147' title='bbox 477 2646 512 2700; x_wconf 93' lang='lat' dir='ltr'>ut</span> <span class='ocrx_word' id='word_1_148' title='bbox 538 2636 604 2699; x_wconf 87' lang='lat' dir='ltr'>eius</span> <span class='ocrx_word' id='word_1_149' title='bbox 631 2636 736 2701; x_wconf 83' lang='lat' dir='ltr'>fossae</span> <span class='ocrx_word' id='word_1_150' title='bbox 763 2638 864 2701; x_wconf 89' lang='lat' dir='ltr'>solum</span> <span class='ocrx_word' id='word_1_151' title='bbox 890 2638 1072 2702; x_wconf 82' lang='lat' dir='ltr'>tantundem</span> 
     </span>
     <span class='ocr_line' id='line_1_21' title="bbox 82 2729 1071 2814; baseline 0.001 -21"><span class='ocrx_word' id='word_1_152' title='bbox 82 2734 185 2807; x_wconf 73' lang='lat' dir='ltr'>naret,</span> <span class='ocrx_word' id='word_1_153' title='bbox 207 2741 358 2814; x_wconf 86' lang='lat' dir='ltr'>quantum</span> <span class='ocrx_word' id='word_1_154' title='bbox 377 2753 499 2794; x_wconf 89' lang='lat' dir='ltr'>summa</span> <span class='ocrx_word' id='word_1_155' title='bbox 517 2729 603 2794; x_wconf 88' lang='lat' dir='ltr'>labra</span> <span class='ocrx_word' id='word_1_156' title='bbox 625 2731 788 2806; x_wconf 81' lang='lat' dir='ltr'>distarent3</span> <span class='ocrx_word' id='word_1_157' title='bbox 811 2730 945 2813; x_wconf 90' lang='lat' dir='ltr'>reliquas</span> <span class='ocrx_word' id='word_1_158' title='bbox 963 2753 1071 2794; x_wconf 85' lang='lat' dir='ltr'>ornnes</span> 
     </span>
     <span class='ocr_line' id='line_1_22' title="bbox 81 2822 1074 2909; baseline 0 -22"><span class='ocrx_word' id='word_1_159' title='bbox 81 2822 240 2889; x_wconf 71' lang='lat' dir='ltr'>memnones</span> <span class='ocrx_word' id='word_1_160' title='bbox 257 2822 298 2888; x_wconf 89' lang='lat' dir='ltr'>ab</span> <span class='ocrx_word' id='word_1_161' title='bbox 316 2823 457 2888; x_wconf 78' lang='lat' dir='ltr'>salossa</span> <span class='ocrx_word' id='word_1_162' title='bbox 473 2824 569 2909; x_wconf 87' lang='lat' dir='ltr'>pedes</span> <span class='ocrx_word' id='word_1_163' title='bbox 588 2822 708 2888; x_wconf 91' lang='grc'>0000</span> <span class='ocrx_word' id='word_1_164' title='bbox 725 2823 858 2900; x_wconf 80' lang='lat' dir='ltr'>reduxit,</span> <span class='ocrx_word' id='word_1_165' title='bbox 876 2824 909 2887; x_wconf 93' lang='lat' dir='ltr'>id</span> <span class='ocrx_word' id='word_1_166' title='bbox 926 2823 987 2888; x_wconf 93' lang='lat' dir='ltr'>hoc</span> <span class='ocrx_word' id='word_1_167' title='bbox 1001 2846 1074 2888; x_wconf 93' lang='lat' dir='ltr'>con-</span> 
     </span>
     <span class='ocr_line' id='line_1_23' title="bbox 80 2913 1073 3002; baseline 0.002 -23"><span class='ocrx_word' id='word_1_168' title='bbox 80 2913 137 2994; x_wconf 74' lang='lat' dir='ltr'>eilio,</span> <span class='ocrx_word' id='word_1_169' title='bbox 153 2918 299 3001; x_wconf 89' lang='lat' dir='ltr'>qnoniam</span> <span class='ocrx_word' id='word_1_170' title='bbox 312 2927 432 2982; x_wconf 89' lang='lat' dir='ltr'>tantum</span> <span class='ocrx_word' id='word_1_171' title='bbox 446 2928 529 2982; x_wconf 89' lang='lat' dir='ltr'>esset</span> <span class='ocrx_word' id='word_1_172' title='bbox 542 2917 719 2983; x_wconf 87' lang='lat' dir='ltr'>necessario</span> <span class='ocrx_word' id='word_1_173' title='bbox 733 2917 867 3002; x_wconf 89' lang='lat' dir='ltr'>spatium</span> <span class='ocrx_word' id='word_1_174' title='bbox 881 2917 1073 3002; x_wconf 86' lang='lat' dir='ltr'>complexus,</span> 
     </span>
     <span class='ocr_line' id='line_1_24' title="bbox 10 3010 1074 3098; baseline 0.002 -25"><span class='ocrx_word' id='word_1_175' title='bbox 10 3078 12 3091; x_wconf 36' lang='lat'>¹</span> <span class='ocrx_word' id='word_1_176' title='bbox 76 3028 119 3073; x_wconf 85' lang='lat' dir='ltr'>uec</span> <span class='ocrx_word' id='word_1_177' title='bbox 130 3010 218 3076; x_wconf 83' lang='lat' dir='ltr'>facile</span> <span class='ocrx_word' id='word_1_178' title='bbox 236 3021 335 3077; x_wconf 89' lang='lat' dir='ltr'>totum</span> <span class='ocrx_word' id='word_1_179' title='bbox 353 3034 465 3096; x_wconf 92' lang='lat' dir='ltr'>oorpus</span> <span class='ocrx_word' id='word_1_180' title='bbox 484 3034 598 3076; x_wconf 90' lang='lat' dir='ltr'>corona</span> <span class='ocrx_word' id='word_1_181' title='bbox 616 3012 749 3076; x_wconf 92' lang='lat' dir='ltr'>militum</span> <span class='ocrx_word' id='word_1_182' title='bbox 767 3012 959 3098; x_wconf 82' lang='lat' dir='ltr'>cingeretur,</span> <span class='ocrx_word' id='word_1_183' title='bbox 976 3033 1017 3076; x_wconf 89' lang='lat' dir='ltr'>ne</span> <span class='ocrx_word' id='word_1_184' title='bbox 1034 3012 1074 3075; x_wconf 89' lang='lat' dir='ltr'>de</span> 
     </span>
     <span class='ocr_line' id='line_1_25' title="bbox 74 3098 1074 3190; baseline 0.003 -23"><span class='ocrx_word' id='word_1_185' title='bbox 74 3098 221 3190; x_wconf 76' lang='lat' dir='ltr'>inproviso</span> <span class='ocrx_word' id='word_1_186' title='bbox 238 3114 293 3171; x_wconf 87' lang='lat' dir='ltr'>aut</span> <span class='ocrx_word' id='word_1_187' title='bbox 308 3115 404 3170; x_wconf 91' lang='lat' dir='ltr'>noctu</span> <span class='ocrx_word' id='word_1_188' title='bbox 421 3107 462 3171; x_wconf 88' lang='lat' dir='ltr'>ad</span> <span class='ocrx_word' id='word_1_189' title='bbox 478 3107 665 3171; x_wconf 88' lang='lat' dir='ltr'>munitiones</span> <span class='ocrx_word' id='word_1_190' title='bbox 684 3106 822 3171; x_wconf 92' lang='lat' dir='ltr'>hostium</span> <span class='ocrx_word' id='word_1_191' title='bbox 836 3106 1001 3170; x_wconf 90' lang='lat' dir='ltr'>multitudo</span> <span class='ocrx_word' id='word_1_192' title='bbox 1019 3107 1074 3170; x_wconf 89' lang='lat' dir='ltr'>ad-</span> 
     </span>
     <span class='ocr_line' id='line_1_26' title="bbox 72 3197 1074 3285; baseline 0.003 -24"><span class='ocrx_word' id='word_1_193' title='bbox 72 3197 184 3276; x_wconf 69' lang='lat' dir='ltr'>nnat,</span> <span class='ocrx_word' id='word_1_194' title='bbox 201 3212 257 3264; x_wconf 90' lang='lat' dir='ltr'>aut</span> <span class='ocrx_word' id='word_1_195' title='bbox 273 3199 407 3263; x_wconf 89' lang='lat' dir='ltr'>interdiu</span> <span class='ocrx_word' id='word_1_196' title='bbox 426 3199 488 3263; x_wconf 90' lang='lat' dir='ltr'>tela</span> <span class='ocrx_word' id='word_1_197' title='bbox 504 3200 537 3264; x_wconf 91' lang='lat' dir='ltr'>in</span> <span class='ocrx_word' id='word_1_198' title='bbox 554 3210 677 3265; x_wconf 85' lang='lat' dir='ltr'>nostros</span> <span class='ocrx_word' id='word_1_199' title='bbox 696 3201 783 3285; x_wconf 88' lang='lat' dir='ltr'>operi</span> <span class='ocrx_word' id='word_1_200' title='bbox 800 3200 971 3264; x_wconf 88' lang='lat' dir='ltr'>destinatos</span> <span class='ocrx_word' id='word_1_201' title='bbox 989 3201 1074 3264; x_wconf 87' lang='lat' dir='ltr'>coni-</span> 
     </span>
     <span class='ocr_line' id='line_1_27' title="bbox 69 3293 1072 3380; baseline -0.001 -21"><span class='ocrx_word' id='word_1_202' title='bbox 69 3311 123 3358; x_wconf 80' lang='lat' dir='ltr'>tere</span> <span class='ocrx_word' id='word_1_203' title='bbox 133 3303 273 3379; x_wconf 85' lang='lat' dir='ltr'>possent.</span> <span class='ocrx_word' id='word_1_204' title='bbox 298 3293 359 3358; x_wconf 93' lang='lat' dir='ltr'>hoc</span> <span class='ocrx_word' id='word_1_205' title='bbox 372 3294 548 3359; x_wconf 86' lang='lat' dir='ltr'>intermisso</span> <span class='ocrx_word' id='word_1_206' title='bbox 564 3295 665 3379; x_wconf 89' lang='lat' dir='ltr'>spatio</span> <span class='ocrx_word' id='word_1_207' title='bbox 682 3294 761 3359; x_wconf 91' lang='lat' dir='ltr'>duas</span> <span class='ocrx_word' id='word_1_208' title='bbox 776 3294 878 3359; x_wconf 85' lang='lat' dir='ltr'>fossas</span> <span class='ocrx_word' id='word_1_209' title='bbox 895 3293 964 3358; x_wconf 89' lang='lat' dir='ltr'>XV</span> <span class='ocrx_word' id='word_1_210' title='bbox 976 3295 1072 3380; x_wconf 89' lang='lat' dir='ltr'>pedes</span> 
     </span>
     <span class='ocr_line' id='line_1_28' title="bbox 64 3383 1073 3472; baseline 0 -20"><span class='ocrx_word' id='word_1_211' title='bbox 64 3383 130 3452; x_wconf 76' lang='lat' dir='ltr'>latas</span> <span class='ocrx_word' id='word_1_212' title='bbox 146 3387 259 3452; x_wconf 57' lang='lat' dir='ltr'>Mem</span> <span class='ocrx_word' id='word_1_213' title='bbox 276 3387 438 3451; x_wconf 86' lang='lat' dir='ltr'>altitudine</span> <span class='ocrx_word' id='word_1_214' title='bbox 455 3387 614 3472; x_wconf 85' lang='lat' dir='ltr'>perduxit:</span> <span class='ocrx_word' id='word_1_215' title='bbox 634 3410 765 3472; x_wconf 89' lang='lat' dir='ltr'>quarum</span> <span class='ocrx_word' id='word_1_216' title='bbox 783 3388 971 3465; x_wconf 88' lang='lat' dir='ltr'>interiorem,</span> <span class='ocrx_word' id='word_1_217' title='bbox 990 3410 1073 3452; x_wconf 90' lang='lat' dir='ltr'>eam-</span> 
     </span>
     <span class='ocr_line' id='line_1_29' title="bbox 61 3480 1074 3565; baseline -0.001 -19"><span class='ocrx_word' id='word_1_218' title='bbox 61 3481 207 3565; x_wconf 84' lang='lat' dir='ltr'>pestribus</span> <span class='ocrx_word' id='word_1_219' title='bbox 226 3502 263 3545; x_wconf 88' lang='lat' dir='ltr'>ao</span> <span class='ocrx_word' id='word_1_220' title='bbox 281 3481 425 3546; x_wconf 86' lang='lat' dir='ltr'>demissis</span> <span class='ocrx_word' id='word_1_221' title='bbox 438 3480 525 3559; x_wconf 89' lang='lat' dir='ltr'>loeis,</span> <span class='ocrx_word' id='word_1_222' title='bbox 545 3504 626 3565; x_wconf 90' lang='lat' dir='ltr'>aqua</span> <span class='ocrx_word' id='word_1_223' title='bbox 639 3505 679 3546; x_wconf 82' lang='lat' dir='ltr'>ex</span> <span class='ocrx_word' id='word_1_224' title='bbox 692 3482 819 3546; x_wconf 85' lang='lat' dir='ltr'>flumine</span> <span class='ocrx_word' id='word_1_225' title='bbox 833 3482 972 3546; x_wconf 84' lang='lat' dir='ltr'>derivata</span> <span class='ocrx_word' id='word_1_226' title='bbox 989 3505 1074 3547; x_wconf 90' lang='lat' dir='ltr'>eom-</span> 
     </span>
     <span class='ocr_line' id='line_1_30' title="bbox 59 3572 1073 3661; baseline -0.001 -22"><span class='ocrx_word' id='word_1_227' title='bbox 59 3572 155 3659; x_wconf 78' lang='lat' dir='ltr'>plevit.</span> <span class='ocrx_word' id='word_1_228' title='bbox 182 3585 256 3660; x_wconf 88' lang='lat' dir='ltr'>post</span> <span class='ocrx_word' id='word_1_229' title='bbox 273 3596 326 3639; x_wconf 89' lang='lat' dir='ltr'>eas</span> <span class='ocrx_word' id='word_1_230' title='bbox 344 3597 492 3661; x_wconf 81' lang='lat' dir='ltr'>aggerem</span> <span class='ocrx_word' id='word_1_231' title='bbox 510 3597 548 3639; x_wconf 89' lang='lat' dir='ltr'>ao</span> <span class='ocrx_word' id='word_1_232' title='bbox 561 3575 677 3639; x_wconf 73' lang='lat' dir='ltr'>uallum</span> <span class='ocrx_word' id='word_1_233' title='bbox 691 3575 764 3640; x_wconf 93' lang='lat' dir='ltr'>XII</span> <span class='ocrx_word' id='word_1_234' title='bbox 776 3577 891 3661; x_wconf 91' lang='lat' dir='ltr'>pedum</span> <span class='ocrx_word' id='word_1_235' title='bbox 907 3576 1073 3652; x_wconf 84' lang='lat' dir='ltr'>exstruxit;</span> 
     </span>
     <span class='ocr_line' id='line_1_31' title="bbox 57 3666 1074 3755; baseline 0 -24"><span class='ocrx_word' id='word_1_236' title='bbox 57 3666 123 3734; x_wconf 84' lang='lat' dir='ltr'>huic</span> <span class='ocrx_word' id='word_1_237' title='bbox 138 3668 270 3734; x_wconf 88' lang='lat' dir='ltr'>loricam</span> <span class='ocrx_word' id='word_1_238' title='bbox 290 3669 464 3754; x_wconf 86' lang='lat' dir='ltr'>pinnasque</span> <span class='ocrx_word' id='word_1_239' title='bbox 487 3669 600 3734; x_wconf 87' lang='lat' dir='ltr'>adiecit</span> <span class='ocrx_word' id='word_1_240' title='bbox 622 3670 795 3755; x_wconf 85' lang='lat' dir='ltr'>grandibus</span> <span class='ocrx_word' id='word_1_241' title='bbox 818 3670 918 3735; x_wconf 89' lang='lat' dir='ltr'>cervis</span> <span class='ocrx_word' id='word_1_242' title='bbox 937 3669 1074 3733; x_wconf 87' lang='lat' dir='ltr'>ominen-</span> 
     </span>
     <span class='ocr_line' id='line_1_32' title="bbox 57 3760 1075 3851; baseline -0.004 -22"><span class='ocrx_word' id='word_1_243' title='bbox 57 3760 132 3829; x_wconf 85' lang='lat' dir='ltr'>tibus</span> <span class='ocrx_word' id='word_1_244' title='bbox 150 3762 194 3828; x_wconf 88' lang='lat' dir='ltr'>ad</span> <span class='ocrx_word' id='word_1_245' title='bbox 211 3763 432 3828; x_wconf 88' lang='lat' dir='ltr'>commissuras</span> <span class='ocrx_word' id='word_1_246' title='bbox 450 3763 626 3849; x_wconf 91' lang='lat' dir='ltr'>pluteorum</span> <span class='ocrx_word' id='word_1_247' title='bbox 640 3775 732 3847; x_wconf 88' lang='lat' dir='ltr'>atque</span> <span class='ocrx_word' id='word_1_248' title='bbox 747 3764 882 3851; x_wconf 83' lang='lat' dir='ltr'>aggeris,</span> <span class='ocrx_word' id='word_1_249' title='bbox 900 3764 953 3846; x_wconf 91' lang='lat' dir='ltr'>qui</span> <span class='ocrx_word' id='word_1_250' title='bbox 967 3785 1075 3827; x_wconf 89' lang='lat' dir='ltr'>ascen-</span> 
     </span>
     <span class='ocr_line' id='line_1_33' title="bbox 57 3856 1074 3944; baseline -0.003 -22"><span class='ocrx_word' id='word_1_251' title='bbox 57 3878 120 3922; x_wconf 77' lang='lat' dir='ltr'>mm</span> <span class='ocrx_word' id='word_1_252' title='bbox 135 3858 277 3922; x_wconf 89' lang='lat' dir='ltr'>hostium</span> <span class='ocrx_word' id='word_1_253' title='bbox 294 3858 466 3935; x_wconf 88' lang='lat' dir='ltr'>tardarent,</span> <span class='ocrx_word' id='word_1_254' title='bbox 491 3867 522 3923; x_wconf 94' lang='lat' dir='ltr'>et</span> <span class='ocrx_word' id='word_1_255' title='bbox 539 3868 639 3922; x_wconf 91' lang='lat' dir='ltr'>turres</span> <span class='ocrx_word' id='word_1_256' title='bbox 658 3868 724 3923; x_wconf 91' lang='lat' dir='ltr'>toto</span> <span class='ocrx_word' id='word_1_257' title='bbox 746 3881 839 3944; x_wconf 86' lang='lat' dir='ltr'>opere</span> <span class='ocrx_word' id='word_1_258' title='bbox 861 3856 1074 3933; x_wconf 87' lang='lat' dir='ltr'>circumdedit,</span> 
     </span>
     <span class='ocr_line' id='line_1_34' title="bbox 56 3951 1125 4038; baseline -0.001 -21"><span class='ocrx_word' id='word_1_259' title='bbox 56 3971 131 4035; x_wconf 80' lang='lat' dir='ltr'>quse</span> <span class='ocrx_word' id='word_1_260' title='bbox 146 3951 247 4038; x_wconf 86' lang='lat' dir='ltr'>pedes</span> <span class='ocrx_word' id='word_1_261' title='bbox 263 3951 406 4017; x_wconf 90' lang='lat' dir='ltr'>LXXX</span> <span class='ocrx_word' id='word_1_262' title='bbox 424 3953 505 4016; x_wconf 89' lang='lat' dir='ltr'>inter</span> <span class='ocrx_word' id='word_1_263' title='bbox 528 3975 562 4016; x_wconf 86' lang='lat' dir='ltr'>se</span> <span class='ocrx_word' id='word_1_264' title='bbox 582 3953 741 4017; x_wconf 85' lang='lat' dir='ltr'>distarent</span> <span class='ocrx_word' id='word_1_265' title='bbox 786 3962 852 4017; x_wconf 87' lang='lat' dir='ltr'>erat</span> <span class='ocrx_word' id='word_1_266' title='bbox 869 3952 980 4016; x_wconf 89' lang='lat' dir='ltr'>eodem</span> <span class='ocrx_word' id='word_1_267' title='bbox 997 3960 1076 4015; x_wconf 91' lang='lat' dir='ltr'>tem·</span> <span class='ocrx_word' id='word_1_268' title='bbox 1094 3970 1125 4016; x_wconf 76' lang='lat'>73</span> 
     </span>
     <span class='ocr_line' id='line_1_35' title="bbox 56 4044 1075 4128; baseline -0.002 -18"><span class='ocrx_word' id='word_1_269' title='bbox 56 4063 125 4128; x_wconf 82' lang='lat' dir='ltr'>pore</span> <span class='ocrx_word' id='word_1_270' title='bbox 141 4055 174 4111; x_wconf 89' lang='lat' dir='ltr'>et</span> <span class='ocrx_word' id='word_1_271' title='bbox 194 4045 352 4110; x_wconf 85' lang='lat' dir='ltr'>materiari</span> <span class='ocrx_word' id='word_1_272' title='bbox 374 4056 406 4110; x_wconf 91' lang='lat' dir='ltr'>ct</span> <span class='ocrx_word' id='word_1_273' title='bbox 426 4045 609 4110; x_wconf 83' lang='lat' dir='ltr'>frumentari</span> <span class='ocrx_word' id='word_1_274' title='bbox 627 4056 658 4111; x_wconf 91' lang='lat' dir='ltr'>ct</span> <span class='ocrx_word' id='word_1_275' title='bbox 680 4057 781 4110; x_wconf 90' lang='lat' dir='ltr'>tantas</span> <span class='ocrx_word' id='word_1_276' title='bbox 804 4045 990 4109; x_wconf 89' lang='lat' dir='ltr'>munitiones</span> <span class='ocrx_word' id='word_1_277' title='bbox 1008 4044 1075 4109; x_wconf 91' lang='lat' dir='ltr'>fieri</span> 
     </span>
     <span class='ocr_line' id='line_1_36' title="bbox 56 4139 1074 4226; baseline -0.002 -21"><span class='ocrx_word' id='word_1_278' title='bbox 56 4160 180 4206; x_wconf 80' lang='lat' dir='ltr'>neeesse</span> <span class='ocrx_word' id='word_1_279' title='bbox 197 4140 367 4205; x_wconf 88' lang='lat' dir='ltr'>deminutis</span> <span class='ocrx_word' id='word_1_280' title='bbox 385 4141 499 4206; x_wconf 88' lang='lat' dir='ltr'>nostris</span> <span class='ocrx_word' id='word_1_281' title='bbox 518 4141 631 4226; x_wconf 87' lang='lat' dir='ltr'>copiis,</span> <span class='ocrx_word' id='word_1_282' title='bbox 659 4163 740 4224; x_wconf 89' lang='lat' dir='ltr'>quae</span> <span class='ocrx_word' id='word_1_283' title='bbox 762 4140 887 4225; x_wconf 89' lang='lat' dir='ltr'>longius</span> <span class='ocrx_word' id='word_1_284' title='bbox 906 4139 946 4204; x_wconf 90' lang='lat' dir='ltr'>ab</span> <span class='ocrx_word' id='word_1_285' title='bbox 964 4139 1074 4204; x_wconf 88' lang='lat' dir='ltr'>castris</span> 
     </span>
     <span class='ocr_line' id='line_1_37' title="bbox 58 4231 1076 4321; baseline -0.002 -21"><span class='ocrx_word' id='word_1_286' title='bbox 58 4233 343 4321; x_wconf 82' lang='lat' dir='ltr'>progrediebantur3</span> <span class='ocrx_word' id='word_1_287' title='bbox 361 4257 397 4299; x_wconf 91' lang='lat' dir='ltr'>ao</span> <span class='ocrx_word' id='word_1_288' title='bbox 415 4256 650 4318; x_wconf 91' lang='lat' dir='ltr'>nonnumquam</span> <span class='ocrx_word' id='word_1_289' title='bbox 668 4257 763 4319; x_wconf 88' lang='lat' dir='ltr'>opera</span> <span class='ocrx_word' id='word_1_290' title='bbox 779 4244 887 4298; x_wconf 90' lang='lat' dir='ltr'>nostra</span> <span class='ocrx_word' id='word_1_291' title='bbox 905 4231 990 4299; x_wconf 89' lang='lat' dir='ltr'>Galli</span> <span class='ocrx_word' id='word_1_292' title='bbox 1008 4243 1076 4298; x_wconf 84' lang='lat' dir='ltr'>ten-</span> 
     </span>
     <span class='ocr_line' id='line_1_38' title="bbox 59 4327 1074 4413; baseline 0 -21"><span class='ocrx_word' id='word_1_293' title='bbox 59 4336 117 4392; x_wconf 70' lang='lat' dir='ltr'>tare</span> <span class='ocrx_word' id='word_1_294' title='bbox 136 4338 232 4413; x_wconf 87' lang='lat' dir='ltr'>atque</span> <span class='ocrx_word' id='word_1_295' title='bbox 254 4328 448 4413; x_wconf 89' lang='lat' dir='ltr'>eruptionem</span> <span class='ocrx_word' id='word_1_296' title='bbox 470 4351 510 4393; x_wconf 84' lang='lat' dir='ltr'>ex</span> <span class='ocrx_word' id='word_1_297' title='bbox 532 4328 647 4413; x_wconf 93' lang='lat' dir='ltr'>oppido</span> <span class='ocrx_word' id='word_1_298' title='bbox 668 4327 810 4413; x_wconf 86' lang='lat' dir='ltr'>pluribus</span> <span class='ocrx_word' id='word_1_299' title='bbox 833 4328 929 4412; x_wconf 89' lang='lat' dir='ltr'>portis</span> <span class='ocrx_word' id='word_1_300' title='bbox 953 4351 1074 4393; x_wconf 87' lang='lat' dir='ltr'>summa</span> 
     </span>
     <span class='ocr_line' id='line_1_39' title="bbox 59 4420 1075 4507; baseline 0.002 -23"><span class='ocrx_word' id='word_1_301' title='bbox 59 4420 202 4489; x_wconf 76' lang='lat' dir='ltr'>ritaoere</span> <span class='ocrx_word' id='word_1_302' title='bbox 221 4422 423 4487; x_wconf 86' lang='lat' dir='ltr'>conabantur.</span> <span class='ocrx_word' id='word_1_303' title='bbox 454 4445 551 4506; x_wconf 90' lang='lat' dir='ltr'>quare</span> <span class='ocrx_word' id='word_1_304' title='bbox 569 4424 609 4487; x_wconf 91' lang='lat' dir='ltr'>ad</span> <span class='ocrx_word' id='word_1_305' title='bbox 625 4422 704 4486; x_wconf 86' lang='lat' dir='ltr'>haec</span> <span class='ocrx_word' id='word_1_306' title='bbox 720 4445 828 4487; x_wconf 73' lang='lat' dir='ltr'>narsus</span> <span class='ocrx_word' id='word_1_307' title='bbox 847 4444 941 4507; x_wconf 90' lang='lat' dir='ltr'>opera</span> <span class='ocrx_word' id='word_1_308' title='bbox 959 4422 1075 4487; x_wconf 89' lang='lat' dir='ltr'>adden-</span> 
     </span>
     <span class='ocr_line' id='line_1_40' title="bbox 60 4510 1074 4601; baseline -0.001 -21"><span class='ocrx_word' id='word_1_309' title='bbox 60 4510 125 4580; x_wconf 85' lang='lat' dir='ltr'>dum</span> <span class='ocrx_word' id='word_1_310' title='bbox 144 4516 266 4583; x_wconf 86' lang='lat' dir='ltr'>Caesar</span> <span class='ocrx_word' id='word_1_311' title='bbox 282 4516 417 4601; x_wconf 86' lang='lat' dir='ltr'>putavit,</span> <span class='ocrx_word' id='word_1_312' title='bbox 444 4538 506 4600; x_wconf 93' lang='lat' dir='ltr'>quo</span> <span class='ocrx_word' id='word_1_313' title='bbox 527 4517 646 4580; x_wconf 90' lang='lat' dir='ltr'>minore</span> <span class='ocrx_word' id='word_1_314' title='bbox 668 4538 796 4581; x_wconf 91' lang='lat' dir='ltr'>numero</span> <span class='ocrx_word' id='word_1_315' title='bbox 818 4516 951 4581; x_wconf 90' lang='lat' dir='ltr'>militum</span> <span class='ocrx_word' id='word_1_316' title='bbox 973 4517 1074 4580; x_wconf 92' lang='lat' dir='ltr'>muni-</span> 
     </span>
    </p>
   </div>
   <div class='ocr_carea' id='block_1_3' title="bbox 60 4605 1073 4762">
    <p class='ocr_par' dir='ltr' id='par_1_3' title="bbox 60 4605 1073 4762">
     <span class='ocr_line' id='line_1_41' title="bbox 60 4605 1073 4696; baseline 0.002 -25"><span class='ocrx_word' id='word_1_317' title='bbox 60 4605 149 4676; x_wconf 86' lang='lat' dir='ltr'>tiones</span> <span class='ocrx_word' id='word_1_318' title='bbox 167 4610 297 4676; x_wconf 83' lang='lat' dir='ltr'>defendi</span> <span class='ocrx_word' id='word_1_319' title='bbox 313 4619 450 4695; x_wconf 88' lang='lat' dir='ltr'>possent.</span> <span class='ocrx_word' id='word_1_320' title='bbox 485 4611 590 4696; x_wconf 85' lang='lat' dir='ltr'>itaque</span> <span class='ocrx_word' id='word_1_321' title='bbox 608 4611 724 4675; x_wconf 74' lang='lat' dir='ltr'>uuneis</span> <span class='ocrx_word' id='word_1_322' title='bbox 743 4609 886 4675; x_wconf 89' lang='lat' dir='ltr'>orborum</span> <span class='ocrx_word' id='word_1_323' title='bbox 905 4608 1073 4674; x_wconf 89' lang='lat' dir='ltr'>admodum</span> 
     </span>
     <span class='ocr_line' id='line_1_42' title="bbox 105 4709 905 4762; baseline 0.011 -9"><span class='ocrx_word' id='word_1_324' title='bbox 105 4709 169 4755; x_wconf 75' lang='lat' dir='ltr'>latias</span> <span class='ocrx_word' id='word_1_325' title='bbox 182 4712 273 4757; x_wconf 72' lang='lat' dir='ltr'>caesar.</span> <span class='ocrx_word' id='word_1_326' title='bbox 871 4709 905 4762; x_wconf 90' lang='lat'>10</span> 
     </span>
    </p>
   </div>
   <div class='ocr_carea' id='block_1_4' title="bbox 0 0 1350 5206">
    <p class='ocr_par' dir='ltr' id='par_1_4' title="bbox 0 0 1350 5206">
     <span class='ocr_line' id='line_1_43' title="bbox 0 0 1350 5206; baseline 0 3"><span class='ocrx_word' id='word_1_327' title='bbox 0 0 1350 5206; x_wconf 95' lang='lat' dir='ltr'> </span> 
     </span>
    </p>
   </div>
  </div>
 </body>
</html>
