2692 5206
414 788 533 848 COMM.
550 791 614 848 VII.
632 792 749 848 tta-so.
1029 782 1090 847 149

65 916 216 1003 respicite
233 915 396 981 finitimam
415 912 565 993 Galliam,
592 916 722 999 quaein
743 915 935 1000 provinciam
951 917 1087 997 redacta,

65 1016 137 1080 iure
158 1022 192 1078 et
211 1011 336 1098 legibus
358 1011 568 1087 commutatis,
596 1009 757 1075 securibus
780 1009 920 1076 subiecta
939 1022 1090 1099 perpetua

66 1106 222 1194 premitur
248 1103 413 1170 servitute?
457 1103 617 1168 sententiis
645 1103 735 1167 dictis
762 1104 965 1183 constituunt,
995 1116 1032 1171 ut
1056 1107 1088 1185 ii,
1108 1125 1140 1174 78

66 1201 125 1285 qui
140 1199 320 1266 valetudine
341 1207 396 1262 aut
418 1206 518 1262 aetate
541 1197 665 1261 inutiles
684 1206 758 1261 sunt
778 1196 874 1275 bello,
902 1198 1017 1283 oppido
1035 1222 1090 1265 ex-

67 1293 197 1371 cedant,
220 1302 314 1376 atque
336 1291 440 1356 omnia
461 1291 547 1375 prius
571 1292 780 1376 experiantur,
808 1312 903 1375 quam
924 1293 965 1357 ad
987 1291 1090 1358 Crito-

67 1387 157 1475 gnati
174 1386 360 1452 sententiam
381 1384 584 1449 descendant:
611 1385 665 1450 illo
687 1395 792 1450 tamen
812 1386 917 1470 potius
937 1387 1089 1454 utendum

67 1480 213 1560 oonsilio,
242 1479 271 1544 si
290 1500 340 1544 res
358 1488 450 1565 cogat
471 1488 565 1562 atque
587 1479 702 1543 auxilia
725 1490 897 1557 morentur,
924 1500 1019 1562 quam
1036 1491 1091 1546 aut

66 1574 238 1640 deditionis
255 1582 309 1637 aut
324 1573 411 1656 pacis
430 1571 624 1637 subeundam
643 1572 869 1637 condicionem.
913 1572 1089 1651 Mandubii,
1206 1645 1208 1651 y

66 1667 124 1753 qui
144 1689 201 1732 eos
227 1666 343 1751 oppido
368 1675 561 1751 receperant,
589 1688 661 1730 cum
687 1665 794 1730 liberis
820 1675 914 1749 atque
939 1666 1088 1733 uxoribus

66 1764 155 1826 exire
172 1768 334 1846 cogimtur.
378 1758 424 1836 hi,
447 1780 519 1824 cum
542 1759 582 1823 ad
598 1760 785 1824 munitiones
803 1758 1016 1825 Romanorum
1038 1783 1089 1825 ac-

66 1854 248 1930 cessissent,
266 1852 375 1917 flentes
393 1851 537 1917 omnibus
555 1853 698 1938 precibus
717 1852 856 1931 orabant,
875 1864 910 1917 ut
927 1855 1008 1919 sein
1025 1877 1090 1920 ser·

65 1949 201 2013 vitutem
226 1956 368 2031 receptos
395 1945 465 2011 cibo
487 1947 638 2011 iuvarent.
682 1957 714 2010 at
737 1945 856 2012 Caesar
877 1947 1035 2032 dispositis
1056 1949 1090 2012 in

65 2040 152 2107 vello
170 2039 319 2106 custodiis
336 2039 432 2124 recipi
448 2038 641 2125 prohibebat.
677 2041 795 2105 interea
813 2039 975 2106 Commius
993 2051 1025 2107 et
1040 2064 1089 2107 re-
1107 2064 1120 2110 7

64 2136 145 2220 liqui
166 2134 277 2211 duces,
304 2132 417 2217 quibus
445 2156 568 2198 summa
592 2133 714 2219 imperii
735 2135 888 2219 permissa
910 2146 989 2212 erat,
1017 2156 1088 2200 cum

64 2228 215 2295 omnibns
237 2227 335 2312 copiis
357 2228 398 2291 ad
414 2225 557 2292 Alesiam
578 2228 762 2313 perveniunt
784 2239 814 2293 et
836 2229 914 2294 colle
937 2230 1088 2294 exteriore

64 2330 222 2408 oeeupato
242 2343 305 2385 non
326 2319 450 2407 longius
472 2321 556 2386 mille
577 2321 722 2407 passibus
745 2321 785 2386 ab
807 2323 921 2388 nostris
943 2323 1089 2388 munitio·

64 2416 160 2483 nibus
182 2414 356 2480 considunt.
400 2424 525 2499 postero
548 2415 598 2480 die
621 2416 759 2498 equitatu
782 2438 821 2480 ex
843 2416 953 2480 castris
976 2417 1088 2482 educto

65 2532 194 2577 omnem
216 2530 286 2573 eam
306 2508 486 2594 planiciem,
513 2531 608 2593 quam
625 2510 658 2573 in
675 2509 901 2595 longitudinem
923 2510 983 2573 tria
1003 2511 1089 2574 milia

64 2624 220 2690 passuum
237 2611 343 2687 patere
365 2602 661 2679 demonstravimus,
690 2603 846 2688 complent
866 2603 1088 2687 pedestresque

64 2696 174 2783 copias
194 2695 325 2781 paulum
346 2694 387 2760 ab
413 2718 450 2760 eo
471 2695 541 2761 loeo
568 2696 689 2760 abditas
716 2696 749 2759 in
775 2696 851 2760 locis
879 2696 1088 2780 superioribus

65 2790 268 2856 constituunt.
299 2798 365 2854 erat
382 2812 422 2854 ex
439 2791 553 2875 oppido
572 2789 682 2854 Alesia
698 2790 864 2875 despectus
883 2790 914 2852 in
932 2811 1087 2875 campum.

65 2893 255 2949 concurrunt
271 2883 320 2948 bis
339 2884 461 2948 auxiliis
479 2885 570 2961 visis;
589 2885 624 2948 fit
641 2883 806 2970 gratulatio
824 2884 904 2947 inter
922 2905 976 2948 eos
996 2893 1088 2966 atque

65 2979 207 3043 omnium
229 2976 325 3041 animi
346 2977 387 3041 ad
407 2977 556 3042 laetitiam
579 2979 760 3042 excitantur.
804 2977 909 3061 itaque
930 2977 1088 3062 productis

66 3074 166 3159 copiis
183 3080 257 3137 ante
279 3071 429 3157 oppidum
451 3073 617 3138 considunt
639 3083 670 3137 et
690 3072 864 3158 proximam
885 3071 1006 3137 fossam
1023 3094 1090 3136 cra·

66 3166 151 3232 tibus
168 3166 313 3252 integimt
330 3181 422 3248 atquo
439 3189 554 3252 aggere
572 3167 697 3251 explent
719 3189 815 3251 seque
832 3167 874 3231 ad
896 3166 1088 3252 eruptionem

68 3271 162 3345 atque
179 3281 289 3325 omnes
307 3280 399 3323 casus
417 3270 606 3345 comparant.
652 3259 771 3325 Caesar
788 3261 871 3325 omni
894 3259 1031 3325 exercitu
1049 3260 1088 3324 ad
1106 3280 1139 3328 80

69 3363 366 3438 utramquepartem
378 3353 584 3418 munitionum
598 3354 761 3439 disposito,
779 3365 823 3431 ut,
844 3355 870 3418 si
884 3377 961 3418 usus
975 3355 1088 3432 veniat,

70 3470 161 3513 suum
178 3447 312 3531 quisque
333 3445 438 3512 locum
460 3457 563 3512 toneat
579 3457 611 3512 et
632 3449 765 3524 noverit,
789 3449 960 3531 equitatum
982 3470 1021 3512 ex
1039 3471 1090 3513 ca-

70 3543 140 3608 stris
158 3543 251 3607 educi
269 3552 300 3606 et
316 3542 469 3626 proelium
490 3542 641 3607 committi
657 3543 752 3607 iubet.
798 3552 863 3608 erat
881 3565 920 3607 cx
943 3543 1087 3609 omnibus

71 3636 193 3713 astris,
220 3656 301 3719 quae
320 3657 477 3700 summum
499 3637 636 3720 undique
659 3637 769 3721 iugum
792 3636 950 3714 tenebant,
978 3637 1090 3722 despo-

71 3740 151 3809 etus,
186 3739 282 3813 atque
315 3752 423 3795 omnes
459 3731 572 3796 milites
607 3731 715 3795 intenti
745 3753 870 3816 pugnae
904 3740 1089 3816 proventum

72 3822 302 3910 exspectabant.
347 3821 432 3889 Galli
457 3824 537 3888 inter
568 3825 687 3909 equites
718 3847 804 3890 raros
832 3824 1008 3910 sagittarios
1036 3846 1090 3887 cx-

72 3918 253 4002 peditosqne
270 3917 349 3983 levis
366 3928 540 3983 armaturae
557 3920 787 3996 interimerunt,
814 3918 867 4002 qui
890 3919 955 3983 suis
978 3918 1090 3982 ceden-

73 4010 152 4077 tibus
173 4011 291 4077 auxilio
313 4023 527 4078 succurrerent
549 4024 580 4078 et
595 4022 773 4079 nostrorum
796 4013 935 4095 equitum
953 4012 1088 4097 impetus

74 4106 268 4172 sustinerent.
315 4105 356 4171 ab
385 4106 435 4173 his
465 4108 640 4193 complures
671 4108 710 4173 de
735 4106 905 4192 improviso
936 4106 1089 4170 vulnerati

73 4199 186 4284 proelio
203 4200 406 4265 excedebant
433 4222 504 4266 cum
524 4225 597 4266 suos
615 4225 722 4289 pugna
735 4201 908 4286 superiores
922 4223 992 4265 esse
1007 4198 1090 4266 Galli

74 4293 262 4359 confiderent
278 4303 310 4359 et
326 4303 449 4360 nostros
468 4295 664 4361 multitudine
681 4295 781 4380 premi
798 4294 948 4372 viderent,
967 4317 1007 4358 ex
1025 4317 1091 4359 om-

73 4386 162 4452 nibns
178 4386 321 4473 partibus
338 4397 370 4453 et
381 4388 413 4466 ii,
432 4389 486 4472 qui
499 4389 723 4454 munitionibus
738 4387 983 4465 continebantur,
1003 4397 1034 4452 et
1046 4387 1089 4464 hi,

73 4479 125 4562 qui
141 4480 183 4544 sd
199 4480 351 4545 auxilium
369 4492 589 4559 convenerant,
616 4482 750 4547 elamore
768 4492 799 4546 et
821 4480 940 4545 ululatu
963 4504 1090 4545 suorum

73 4573 191 4640 animos
218 4573 452 4641 confirmabant.
501 4577 585 4661 quod
615 4576 648 4640 in
678 4584 847 4662 conspectu
875 4574 1014 4639 omnium
1039 4596 1089 4638 res
