2738 5272
291 743 353 809 356
640 756 754 809 BELLI
773 754 956 812 AFRICANI

291 880 421 945 collibus
438 879 545 964 primis
563 878 724 943 exsistunt.
752 878 836 962 quod
854 889 1019 963 postquam
1033 877 1154 944 Cacsar
1172 881 1323 946 animad-

290 973 394 1050 vertit,
417 972 572 1057 equitibus
590 973 655 1036 suis
673 971 810 1036 hostium
832 972 863 1035 vi
881 972 1032 1058 oppositis
1055 974 1199 1038 sarcinas
1219 974 1322 1061 legio-

291 1068 393 1132 narios
410 1068 443 1131 in
461 1088 606 1131 acervum
626 1065 714 1130 iubet
736 1076 927 1151 comportare
950 1077 1042 1150 atque
1060 1067 1207 1132 celeriter
1226 1068 1321 1155 signa

290 1160 431 1226 hostibus
448 1160 570 1224 inferre.
601 1161 686 1243 quod
702 1169 867 1245 postquam
885 1170 1029 1245 coeptum
1046 1171 1094 1224 est
1110 1161 1193 1238 fieri,
1213 1163 1319 1247 primo

289 1255 406 1339 impetu
423 1254 581 1340 legionum
599 1253 752 1337 equitatus
765 1264 796 1317 et
813 1253 890 1317 levis
905 1265 1060 1318 armatura
1071 1253 1217 1319 hostium
1230 1255 1320 1320 nullo

290 1348 414 1434 negotio
431 1347 500 1412 loco
517 1347 608 1432 pulsa
625 1357 655 1411 et
673 1347 792 1411 deiecta
809 1357 857 1411 est
874 1347 913 1411 de
931 1347 1018 1412 colle.
1054 1370 1126 1412 eum
1143 1348 1213 1413 iam
1233 1349 1319 1414 Cae-

290 1466 342 1507 sar
362 1442 570 1506 existimasset
591 1440 696 1505 hcstes
718 1441 825 1526 pulsos
848 1441 1070 1525 deterritosque
1091 1441 1191 1506 finem
1215 1442 1319 1508 laces·

290 1536 378 1601 sendi
395 1535 532 1599 facturos
550 1545 580 1598 et
597 1535 655 1599 iter
671 1536 828 1620 inceptum
846 1556 974 1620 pergere
997 1535 1167 1620 coepisset,
1199 1536 1318 1601 iterum

290 1629 428 1694 celeriter
450 1651 488 1693 ex
509 1629 658 1714 proximis
681 1628 811 1693 collibus
834 1639 999 1714 erumpunt
1020 1640 1113 1712 atque
1131 1630 1252 1695 eadem
1269 1655 1320 1696 ra-

289 1724 386 1800 tione,
404 1746 467 1806 qua
483 1733 554 1787 ante
572 1721 650 1801 dixi,
672 1724 706 1787 in
724 1722 868 1788 Caesaris
886 1722 1072 1808 legionarios
1089 1723 1253 1808 impetum
1271 1725 1319 1789 fa·

289 1818 375 1881 ciunt
387 1815 541 1880 Numidae
558 1815 697 1899 levisque
711 1827 883 1880 armaturae
898 1815 1030 1880 mirabili
1043 1816 1212 1882 velocitate
1227 1841 1320 1904 prae-

289 1911 358 1986 diti,
386 1909 440 1993 qui
461 1909 540 1973 inter
561 1910 680 1992 equites
703 1908 884 1995 pugnabant
906 1920 936 1973 et
958 1931 1021 1973 una
1041 1909 1226 1994 pariterque
1245 1934 1319 1976 cum

289 2002 444 2088 equitibus
466 2024 624 2068 accurrere
646 2014 676 2068 et
703 2003 846 2088 refugere
872 2013 1104 2067 consueverant.
1149 2025 1230 2068 cum
1258 2005 1320 2070 hoc

290 2097 414 2181 saepius
436 2095 573 2160 facerent
595 2107 626 2161 et
647 2096 877 2182 proficiscentes
899 2096 1037 2161 Iulianos
1059 2096 1318 2180 insequerentur,

278 2189 466 2274 ‚refugerent
492 2200 622 2267 stantes,
649 2190 776 2274 propius
804 2212 865 2253 non
892 2190 1073 2254 accederent
1098 2200 1130 2253 et
1157 2191 1320 2277 singulari

289 2305 402 2369 genere
418 2304 543 2368 pugnae
560 2293 718 2347 uterentur
735 2306 850 2367 eosque
867 2283 976 2348 iaculis
995 2281 1224 2349 convulnerare
1241 2287 1319 2349 satis

289 2399 359 2440 esse
377 2377 600 2453 existimarent,
621 2377 739 2442 Caesar
755 2378 905 2441 intellexit
923 2376 998 2440 nihil
1017 2377 1099 2440 aliud
1117 2399 1173 2441 eos
1194 2380 1319 2453 conari,

288 2470 350 2533 nisi
372 2479 406 2533 ut
429 2491 462 2534 se
489 2481 634 2556 cogerent
660 2482 761 2534 castra
787 2493 825 2534 ec
850 2470 918 2533 loco
944 2492 1072 2554 ponere,
1099 2469 1154 2533 ubi
1181 2473 1320 2536 omnino

289 2587 388 2648 aquae
405 2562 481 2628 nihil
499 2578 594 2642 esset,
623 2576 657 2630 ut
674 2566 826 2630 exercitus
845 2566 910 2629 eius
928 2565 1063 2640 ieiunus,
1090 2565 1144 2646 qui
1163 2588 1182 2628 a
1202 2582 1321 2649 quana

288 2659 395 2744 vigilia
412 2681 511 2742 usque
529 2659 569 2723 ad
587 2660 694 2723 horam
707 2659 744 2722 X
757 2659 817 2722 diei
836 2658 911 2721 nihil
929 2667 1095 2743 gustasset,
1114 2680 1152 2723 ac
1170 2659 1320 2726 iumenta

239 2755 340 2821 ausiti
362 2753 505 2838 perirent.
550 2776 621 2816 cum
647 2754 709 2816 iam
731 2753 771 2817 ad
793 2753 867 2816 solis
895 2774 1039 2816 occasum
1066 2762 1163 2827 esset,
1192 2766 1229 2818 et
1254 2779 1318 2821 non

288 2859 369 2912 totos
393 2846 421 2912 C
444 2870 556 2932 passus
579 2848 611 2910 in
632 2847 740 2912 horam
763 2857 845 2912 esset
866 2869 1065 2932 progressus,
1092 2847 1240 2929 equitatu
1260 2874 1319 2916 suo

288 2951 413 3027 propter
430 2963 581 3024 equorum
599 2941 755 3004 interitum
772 2952 910 3004 extremo
933 2941 1055 3025 agmine
1074 2951 1194 3005 remoto
1215 2942 1319 3029 legio-

288 3057 343 3099 nes
361 3035 394 3097 in
411 3035 511 3098 vicem
529 3035 568 3098 ad
586 3047 757 3098 extremum
775 3057 888 3120 agmen
906 3034 1064 3098 evocabat.
1109 3035 1153 3098 ita
1170 3035 1242 3100 vim
1262 3038 1319 3103 ho-

289 3129 381 3190 stium
395 3127 516 3211 placide
530 3127 698 3210 leniterque
712 3125 882 3212 procedens
896 3150 952 3212 per
964 3127 1168 3212 legionarium
1178 3131 1318 3196 militem

288 3220 480 3283 commodius
503 3220 684 3283 sustinebat.
727 3221 849 3284 interim
872 3221 1009 3304 equitum
1028 3221 1240 3288 Numidarum
1266 3249 1319 3289 co·

287 3313 356 3397 piae
374 3313 484 3377 dextra
501 3313 685 3397 sinistraque
703 3336 758 3398 per
780 3314 875 3378 colles
894 3337 1089 3399 praecurrere
1112 3336 1318 3402 coronaeque

287 3407 319 3469 in
336 3406 463 3469 modum
486 3406 609 3492 cingere
631 3406 825 3471 multitudine
844 3430 902 3471 sua
919 3407 1064 3472 Caesaris
1087 3409 1210 3493 copias,
1242 3435 1318 3498 pars

288 3522 401 3584 agmen
424 3510 595 3564 extremum
616 3501 748 3584 insequi.
794 3500 939 3566 Caesaris
961 3513 1065 3566 autern
1087 3525 1150 3566 non
1173 3507 1319 3591 amplius

286 3594 339 3657 111
361 3604 414 3658 aut
436 3594 505 3657 IIII
527 3595 639 3659 milites
665 3595 801 3660 veterani
828 3596 854 3658 si
882 3617 915 3658 sc
942 3597 1166 3660 convertissent
1189 3609 1223 3662 et
1252 3602 1320 3686 pila

287 3687 405 3752 viribus
423 3698 561 3753 contorta
579 3689 610 3751 in
624 3688 775 3753 Numidas
789 3689 919 3752 infestos
938 3690 1151 3766 coniecissent,
1172 3694 1318 3778 amplius

288 3781 382 3844 duum
402 3782 520 3845 milium
537 3805 666 3846 numero
684 3783 724 3846 ad
742 3805 838 3845 unum
857 3794 944 3868 terga
961 3782 1121 3848 vertebant
1143 3807 1319 3854 aurursus

288 3875 328 3938 ad
350 3875 448 3938 aciem
470 3875 587 3959 passim
611 3876 768 3939 conversis
791 3875 878 3957 equis
902 3898 935 3939 se
958 3876 1145 3961 colligebant
1164 3889 1267 3961 atque
1286 3884 1318 3946 in

288 3968 389 4051 spatio
407 3968 674 4050 consequebantur
691 3979 721 4032 et
739 3968 840 4032 iacula
857 3969 889 4031 in
902 3969 1088 4054 legionarios
1102 3971 1318 4039 coniciebant.

287 4062 330 4124 ita
348 4060 467 4126 Caesar
484 4062 577 4126 modo
595 4062 791 4146 procedendo
810 4063 903 4126 modo
925 4063 1097 4129 resistendo
1120 4065 1247 4130 tardius
1267 4070 1320 4133 iti·

288 4176 360 4217 nere
378 4154 519 4219 conlecto
536 4156 636 4219 noctis
658 4155 734 4219 hora
755 4155 855 4238 prima
877 4179 985 4220 omncs
1005 4180 1077 4221 suos
1101 4158 1141 4220 ad
1160 4181 1267 4226 unum
1285 4164 1319 4227 in

288 4258 389 4311 castra
406 4249 576 4315 incolumes
595 4250 708 4313 sauciis
726 4249 762 4312 X
780 4249 870 4313 sactis
892 4250 1024 4314 reduxit.
1069 4250 1236 4318 Labienus
1258 4258 1320 4321 cir-

287 4341 363 4404 citer
385 4340 474 4407 CCC
500 4343 638 4418 amissis,
664 4341 769 4406 multis
797 4343 979 4420 vulneratis,
1009 4342 1075 4429 [ae]
1102 4344 1241 4411 defessis
1271 4350 1329 4433 in·‚

288 4435 398 4499 stando
412 4437 555 4502 omnibus
569 4438 609 4502 ad
623 4460 696 4501 suos
711 4459 744 4501 se
759 4438 882 4521 recepit.
913 4437 1019 4522 Scipio
1032 4439 1154 4502 interim
1169 4439 1320 4527 legiones

287 4528 453 4612 pmductas
472 4553 543 4595 cum
560 4530 741 4616 elephantis,
760 4553 838 4615 quas
857 4545 928 4596 ante
942 4544 1043 4596 castra
1056 4533 1088 4596 in
1102 4533 1168 4596 acie
1183 4539 1320 4603 terroris
