2738 5272
282 695 346 760 370
599 705 717 760 BELLl
732 702 1001 761 HISPANIENSIS

283 829 456 914 exquibus
480 828 507 894 si
528 850 592 912 qua
613 829 729 914 oppida
750 829 783 893 vi
808 837 946 913 ceperat,
973 849 1047 891 eum
1076 827 1204 912 aliquis
1230 851 1272 894 ex
1291 851 1325 894 ee

283 925 407 989 civitate
433 922 549 1008 optime
577 920 635 1008 [de
664 922 723 987 Cn.
747 920 919 1007 Pompeio]
951 921 1085 985 meritus
1115 923 1204 987 civis
1233 934 1323 1000 esset,

282 1027 407 1103 propter
419 1016 567 1100 pecuniae
582 1016 828 1101 magnitudinem
842 1015 945 1099 aliqua
958 1014 986 1078 ei
999 1013 1212 1080 inferebatur
1220 1039 1322 1093 causa,

283 1124 372 1175 uteo
390 1111 428 1174 de
447 1110 548 1174 medio
567 1109 690 1174 sublato
709 1133 748 1173 ex
771 1109 838 1174 eius
856 1109 988 1198 pecunia
1009 1110 1180 1174 latronum
1201 1111 1322 1198 largitio

283 1204 378 1269 fieret.
422 1204 466 1267 ita
488 1201 619 1287 ‘paucis
637 1203 802 1267 commoda
818 1201 909 1267 hoste
931 1201 1080 1267 hortato*
1104 1205 1254 1270 maiores
1271 1229 1321 1269 au·

282 1298 435 1384 gebantur
456 1297 573 1380 copiae.
617 1296 678 1360 hoc
699 1296 837 1360 crebrius
860 1298 976 1360 nuntiis
997 1297 1030 1360 iu
1053 1296 1193 1362 Italiam
1218 1300 1319 1364 missio

282 1392 422 1455 civitates
441 1389 610 1453 contrariae
628 1389 781 1475 Pompeio
799 1391 915 1454 auxilia
933 1389 992 1454 sibi
1011 1390 1281 1474 depostulabant.

249 1506 264 1554 2
347 1483 467 1549 Caesar
475 1484 606 1547 dictator
619 1485 718 1561 tertio,
734 1485 843 1549 consul
855 1485 1037 1570 designatus
1052 1497 1176 1568 quarto
1192 1486 1319 1552 ‘multis

282 1581 412 1644 iterante
429 1577 539 1643 diebus
557 1579 704 1643 coniectis
723 1601 795 1643 eum
814 1580 923 1643 ceteris
938 1578 1185 1645 festinationem
1205 1581 1319 1647 bellum

283 1671 531 1737 conficiendum*
549 1671 581 1735 in
594 1671 783 1757 Hispaniam
802 1695 873 1736 cum
891 1673 1036 1748 venisset,
1055 1672 1231 1759 legatique
1247 1675 1319 1741 Cor·

282 1767 453 1842 dubeuses,
477 1766 530 1848 qui
552 1789 571 1829 a
591 1765 650 1830 Cn.
668 1766 821 1851 Pompeio
839 1766 1073 1842 discessissent,
1101 1767 1248 1833 Caesari
1270 1768 1319 1834 ob

282 1860 365 1923 viam
388 1859 560 1934 venisseut,
588 1882 608 1922 a
629 1859 742 1942 quibus
765 1860 967 1924 nuntiabatur
988 1870 1148 1925 nocturno
1180 1873 1319 1948 tempore

283 1954 431 2039 oppidum
450 1951 631 2016 Cordubam
650 1954 719 2038 capi
737 1975 845 2037 posse,
869 1954 953 2037 quod
974 1954 1253 2037 necopinantibus
1271 1956 1320 2020 ad·

283 2046 426 2111 versariis
445 2046 511 2109 cius
530 2045 706 2129 provinciae
725 2047 842 2130 potitus
861 2057 958 2123 esset,
983 2046 1144 2130 simulque
1165 2051 1262 2132 quod
1279 2061 1320 2113 ta-

283 2138 428 2214 bellariis,
447 2139 501 2220 qui
514 2162 533 2202 a
547 2136 606 2203 Cu.
617 2137 769 2223 Pompeio
783 2140 926 2224 dispositi
940 2139 1086 2205 omuibus
1101 2140 1189 2207 locis
1205 2153 1318 2215 essent,

283 2231 336 2314 qui
358 2231 519 2295 certiorem
542 2229 601 2296 Cn.
624 2231 810 2316 Pompeium
833 2235 872 2297 de
895 2231 1040 2298 Caesaris
1062 2233 1217 2300 adventu
1241 2237 1319 2301 facc-

282 2335 351 2389 rent
377 2372 522 2388 ......
567 2325 664 2388 multa
689 2337 848 2410 praeterea
874 2327 1053 2390 verisimilia
1079 2331 1318 2412 proponebant.

283 2418 396 2501 quibus
415 2418 507 2482 rebus
527 2419 692 2495 adductus,
716 2443 794 2502 quos
813 2421 933 2507 legatos
957 2432 1027 2484 ante
1050 2423 1216 2488 exercitui
1235 2448 1319 2511 prae-

283 2514 413 2588 fecerat,
440 2511 481 2594 Q
499 2511 633 2576 Pedium
656 2526 686 2577 et
705 2513 745 2595 Q.
765 2514 898 2579 Fabium
917 2515 1096 2578 Maximum
1120 2517 1164 2579 de
1187 2543 1252 2583 suo
1270 2520 1320 2583 nd-

283 2616 377 2669 ventu
395 2605 470 2670 lacit
487 2608 631 2671 certiores
651 2617 745 2689 utque
764 2607 823 2671 sibi
837 2608 1002 2690 equitatus,
1021 2609 1072 2691 qui
1093 2631 1134 2671 ex
1150 2613 1319 2694 provincia

282 2700 403 2775 fuisset,
422 2700 576 2785 pracsidio
595 2711 687 2764 essct.
732 2701 771 2764 ad
790 2722 868 2782 quos
888 2701 1027 2776 celerius,
1046 2724 1143 2782 quam
1167 2705 1237 2789 ipsi
1257 2707 1320 2791 opi·

283 2795 347 2857 nati
366 2805 446 2869 sunt,
466 2795 724 2879 appropinquavit
742 2816 852 2876 neque,
872 2807 906 2858 ut
924 2795 991 2878 ipse
1005 2795 1113 2871 voluit,
1134 2801 1318 2880 equitatum

250 2908 264 2954 3
284 2886 343 2950 sibi
360 2888 514 2971 praesidio
532 2887 649 2951 habuit.
694 2898 759 2950 erat
777 2888 858 2951 idem
878 2889 1027 2972 temporis
1043 2887 1119 2952 Sex.
1135 2889 1318 2979 Pompeius

282 2982 390 3056 frater,
417 2981 470 3063 qui
494 3003 565 3043 cum
588 2981 742 3065 praesidio
762 2978 942 3045 Cordubam
966 2981 1106 3057 tenebat,
1135 2988 1235 3065 quod
1254 2989 1317 3051 eius

282 3073 458 3157 provinciae
476 3085 568 3157 caput
583 3097 652 3137 esse
667 3073 914 3151 existimabatur3
933 3075 1000 3158 ipse
1015 3085 1120 3138 autem
1137 3075 1208 3142 Cu.
1224 3080 1318 3145 Pour-

281 3165 370 3248 peius
388 3165 569 3229 adolescens
589 3166 693 3229 Uliam
717 3167 866 3251 oppidum
884 3168 1086 3253 oppugnabat
1110 3182 1142 3232 et
1161 3171 1240 3237 sere
1259 3175 1317 3238 iam

282 3257 399 3338 aliquot
417 3257 576 3323 mensibus
595 3259 637 3322 ibi
656 3260 859 3325 detinebatur.
904 3284 965 3345 quo
988 3285 1027 3325 ex
1045 3263 1165 3345 oppido
1187 3269 1318 3353 cognito

283 3347 429 3414 Caesaris
447 3352 582 3415 adventu
604 3351 698 3438 legati
717 3354 797 3417 clam
820 3356 974 3439 praesidia
993 3355 1051 3420 Cn.
1071 3355 1217 3442 Pompei
1238 3360 1317 3426 Cuc-

283 3467 383 3508 sarem
401 3467 471 3508 eum
490 3446 637 3521 adissent,
656 3460 760 3531 petere
779 3461 956 3532 coeperunt,
975 3451 1020 3512 uti
1039 3448 1099 3513 sibi
1114 3451 1226 3534 primo
1242 3478 1317 3539 quo-

282 3561 342 3622 quc
361 3551 497 3623 tempore
517 3540 690 3603 subsidium
709 3542 852 3604 mitteret.
898 3542 1030 3618 Cacsar,
1054 3565 1125 3606 eam
1149 3547 1316 3613 civitatem

284 3633 367 3697 omni
386 3644 522 3717 tempore
541 3635 655 3717 optime
674 3634 712 3696 de
730 3635 846 3718 populo
864 3635 1007 3700 Romano
1026 3637 1170 3701 meritam
1192 3664 1271 3706 esse
1285 3691 1314 3705 ..

284 3727 422 3792 celeriter
440 3751 496 3791 sex
513 3728 649 3792 cohortis
669 3729 806 3792 secunda
825 3730 930 3814 vigilia
948 3731 1034 3794 iubet
1050 3732 1230 3815 proficisci,
1250 3737 1315 3822 pari

285 3823 403 3904 equites
422 3844 559 3886 numero.
604 3821 717 3905 quibus
740 3823 890 3906 praefecit
912 3824 1069 3887 hominem
1092 3826 1163 3888 cius
1184 3833 1315 3912 proriu-

285 3916 350 3979 ciae
364 3925 470 3979 notum
484 3925 514 3978 et
528 3938 590 3978 non
605 3939 714 3999 parum
729 3917 887 3991 scientem,
906 3918 946 3981 L.
962 3918 1089 3983 Vibium
1104 3918 1312 3989 Paciaecum.

283 4010 426 4092 quicum
444 4010 484 4072 ad
503 4007 561 4073 Cn.
581 4009 712 4093 Pompei
735 4010 890 4093 praesidia
912 4012 1062 4089 venisset,
1090 4013 1207 4079 incidit
1230 4018 1312 4081 idom

282 4102 440 4188 temporis,
459 4114 491 4165 ut
511 4113 692 4187 tempestate
710 4103 841 4167 adversa
859 4104 1095 4187 vehementique
1114 4120 1215 4172 vento
1234 4112 1311 4174 affli-

283 4208 428 4274 ctaretur3
451 4197 596 4279 quaevis
615 4197 806 4281 tempestatis
826 4198 868 4261 ita
886 4198 1086 4275 obscurabat,
1109 4213 1146 4264 ut
1165 4204 1223 4268 vix
1241 4228 1310 4290 pro·

282 4292 400 4355 ximum
418 4314 587 4375 agnoscere
604 4303 741 4375 possent.
787 4292 875 4356 cuius
893 4293 1126 4357 incommodum
1150 4319 1306 4362 summam

282 4383 445 4447 utilitatem
458 4385 534 4468 ipsis
549 4383 728 4468 praebebat.
756 4385 800 4448 ita
813 4407 883 4448 cum
899 4387 1023 4449 adeum
1038 4400 1202 4465 venerunt,
1223 4391 1305 4455 iubet

285 4476 373 4540 binos
392 4500 488 4560 equos
507 4479 722 4556 conscendere,
742 4490 772 4542 et
789 4490 874 4543 recta
886 4502 941 4564 per
954 4481 1203 4546 adversariorum
1218 4505 1302 4569 prae·
