2692 5206
402 779 521 840 contr,
537 780 604 838 vn.
624 779 744 837 14-18.
1019 770 1080 835 121

54 905 152 973 facilc
178 926 214 971 se
238 903 301 970 loci
321 912 432 969 natura
456 903 640 969 defensuros
666 904 787 982 dicunt,
814 903 898 988 quod
922 926 1020 992 prope
1041 927 1081 971 cx

54 1000 206 1067 omnibus
223 998 364 1086 partibus
382 998 509 1063 flumine
526 1008 557 1063 et
573 997 688 1084 palude
705 999 896 1065 circumdata
911 1022 1009 1065 unum
1025 999 1082 1065 ba-

55 1095 133 1161 beat
150 1104 182 1159 et
198 1102 423 1180 perangustum
441 1093 568 1157 aditum.
596 1093 687 1157 datur
703 1093 881 1179 petentibus
898 1094 999 1172 venia,
1016 1094 1081 1160 dis-

56 1189 213 1256 suadente
233 1187 334 1273 primo
355 1186 627 1274 Vercingetorige,
653 1199 726 1272 post
747 1187 934 1253 concedente
961 1198 992 1254 et
1012 1210 1082 1274 pre·

57 1283 150 1349 cibus
171 1283 312 1368 ipsorum
334 1294 365 1346 et
386 1281 598 1346 misericordia
619 1281 716 1367 vulgi.
765 1280 945 1347 defensores
967 1282 1082 1369 oppido

56 1377 165 1443 idonei
182 1375 369 1462 deligrmtur.
405 1374 642 1462 Vercingetorix
659 1374 831 1441 minoribus
846 1374 1017 1442 Caesarem
1032 1376 1082 1441 iti·
1102 1396 1133 1444 16

57 1470 189 1537 neribus
206 1468 407 1553 subsequitur
424 1481 454 1534 et
471 1470 575 1535 locum
592 1471 701 1536 castris
720 1470 828 1556 deligit
844 1470 1012 1555 paludibus
1030 1471 1084 1536 sil-

58 1565 173 1649 visque
190 1564 360 1640 munitum,
387 1563 427 1629 ab
444 1562 583 1629 Avarico
605 1564 698 1650 longe
716 1563 801 1628 milia
817 1586 969 1649 passuum
986 1563 1082 1630 XVI.
1170 1642 1173 1648 Ι

58 1659 105 1725 ibi
121 1680 180 1743 per
195 1668 297 1722 certos
316 1657 524 1743 exploratores
542 1658 575 1721 in
593 1657 717 1744 singula
738 1657 800 1722 diei
821 1667 975 1743 tempora,
1002 1679 1083 1742 quae

58 1752 102 1819 ad
118 1751 295 1817 Avaricum
312 1762 490 1838 agerentur,
510 1751 719 1838 cognoscebat
737 1761 781 1829 et,
804 1751 879 1835 quid
895 1751 963 1817 fieri
979 1751 1082 1829 vellet,

59 1844 247 1932 imperabat
274 1845 375 1910 omnis
392 1856 513 1911 nostras
531 1845 748 1931 pabulationes
765 1845 1083 1930 frumentationesque

60 1938 265 2016 observabat,
287 1939 522 2025 dispersosque,
546 1961 616 2004 cum
635 1940 760 2026 longius
782 1939 959 2005 necessario
975 1961 1084 2025 proce-

59 2034 182 2111 derent,
200 2032 398 2099 adoriebatur
414 2056 591 2120 magnoque
609 2034 807 2099 incommodo
826 2032 996 2111 afficiebat,
1014 2033 1083 2110 etsi,

59 2138 215 2211 quantum
236 2127 354 2192 ratione
371 2129 528 2213 provideri
545 2139 679 2213 poterat,
707 2127 879 2193 abnostris
902 2127 1085 2194 occurreba-

60 2234 127 2300 tur,
152 2233 191 2285 ut
210 2220 335 2286 incertis
358 2222 548 2307 temporibus
575 2222 768 2306 diversisque
793 2221 957 2288 itineribus
978 2222 1083 2288 iretur.

59 2315 174 2382 caenis
192 2315 233 2379 ad
250 2328 457 2400 campartem
475 2317 582 2401 oppidi
598 2317 709 2402 positis
728 2315 861 2393 Caesar,
888 2337 968 2401 quae
990 2317 1083 2381 inter·
1102 2338 1134 2384 rr

60 2409 162 2475 missa
182 2432 204 2473 a
223 2408 351 2474 flumine
372 2419 403 2474 et
425 2434 445 2475 a
466 2410 579 2496 palude
603 2412 734 2488 aditum,
760 2420 796 2474 ut
821 2432 917 2495 supra
938 2409 1083 2489 diximus,

61 2512 234 2591 angustum
243 2502 387 2582 habebat,
405 2527 552 2591 aggerem
567 2527 725 2590 apparare,
744 2504 851 2568 vineas
864 2526 966 2591 agere,
984 2513 1084 2569 turres

62 2598 144 2663 duas
166 2599 354 2663 constituere
380 2601 496 2685 coepit:
528 2624 601 2664 nam
627 2599 858 2664 circumvallare
889 2598 950 2664 loci
974 2609 1086 2663 natura

60 2690 259 2778 prohibebat.
303 2693 342 2756 dc
360 2715 393 2757 re
410 2694 613 2758 frumentaria
630 2693 726 2757 Boios
749 2703 843 2776 atque
860 2692 1012 2757 Haeduos
1030 2692 1086 2757 ad-

60 2785 182 2851 hortari
200 2808 264 2850 non
280 2787 411 2865 destitit;
429 2809 560 2871 quorum
579 2787 676 2863 alteri,
695 2787 779 2870 qued
792 2785 877 2851 nulle
892 2786 994 2851 studio
1012 2808 1086 2872 age·

62 2879 155 2957 bant,
174 2902 239 2944 non
256 2880 387 2945 multum
404 2882 609 2959 adiuvabant,
629 2881 716 2945 alteri
734 2903 798 2946 non
815 2881 938 2966 magnis
956 2881 1086 2945 faculta-

62 2973 164 3050 tibus,
182 2974 268 3057 quod
285 2974 394 3039 civitas
413 2987 477 3040 erat
495 2976 610 3063 exigua
627 2986 658 3039 ct
675 2974 811 3052 infirma,
830 2973 983 3052 celeriter,
1001 2973 1086 3058 quod

61 3066 254 3144 babuerunt,
282 3080 550 3154 consumpserunt.
596 3092 718 3134 summa
744 3068 926 3133 difficultate
952 3068 997 3133 rei
1021 3069 1088 3133 fru-

62 3161 236 3227 mentariae
253 3162 365 3228 affecto
384 3165 520 3228 exercitu
539 3165 687 3229 tenuitate
705 3164 870 3242 Boiorum,
893 3163 1087 3250 indiligentia

63 3255 281 3333 Haeduorum,
299 3257 448 3322 incendiis
463 3258 683 3336 aedificiorum,
701 3281 802 3342 usque
815 3281 852 3322 eo
867 3268 901 3322 ut
910 3258 1085 3344 complures

63 3350 132 3415 dies
151 3349 266 3415 milites
289 3350 444 3416 frumento
466 3353 620 3417 caruerint
643 3362 674 3417 et
695 3374 805 3437 pecore
824 3374 841 3416 e
863 3350 1087 3438 longinquiori·
1192 3376 1195 3383 ·

63 3443 126 3509 bus
152 3443 234 3508 vicis
259 3444 384 3522 adacto,
411 3456 583 3510 extremam
608 3447 725 3511 famem
752 3455 974 3524 sustentarent,
1002 3445 1088 3509 nulla

63 3548 171 3603 tamen
193 3560 258 3603 vox
278 3550 326 3604 est
348 3539 388 3604 ab
409 3541 447 3605 iis
470 3541 576 3605 audita
595 3541 704 3626 populi
720 3540 855 3605 Romani
877 3541 1038 3605 maiestate
1056 3550 1088 3602 et

65 3630 280 3716 superioribus
298 3633 434 3698 victoriis
452 3634 589 3720 indigna.
625 3635 701 3717 quin
719 3635 812 3699 ctiam
831 3632 1037 3698 Caesareum
1055 3632 1088 3696 in

66 3747 160 3811 opere
178 3724 320 3811 singulas
338 3727 477 3813 legiones
496 3728 666 3814 appellaret
684 3739 728 3805 et,
748 3728 775 3793 si
793 3727 933 3793 acerbius
951 3725 1089 3810 inopiam

67 3818 198 3896 tenent,
225 3842 260 3885 se
286 3820 486 3886 dimissurum
509 3823 773 3908 oppugnationem
796 3822 924 3898 diceret,
951 3819 1089 3884 universi

69 3911 108 3977 ab
124 3935 173 3990 eo,
191 3936 233 3978 ne
249 3913 283 3978 id
299 3915 425 3992 faceret,
443 3916 604 4002 petebant:
624 3917 669 3981 sic
687 3939 721 3982 se
735 3916 909 4001 complures
923 3936 1022 3979 annos
1035 3913 1088 3977 illo

70 4006 241 4093 imperante
265 4009 431 4088 meruisse,
461 4020 496 4074 ut
526 4011 644 4075 nullam
675 4010 878 4097 ignominiam
904 4009 1088 4094 acciperent,

66 4110 224 4185 'nusquam
241 4100 358 4168 infecta
378 4126 412 4168 re
433 4104 642 4170 discederent:
669 4104 729 4170 hoc
747 4127 781 4170 se
803 4103 992 4189 ignominiae
1009 4102 1090 4168 latu·

72 4216 121 4259 ros
140 4195 226 4274 loco,
253 4197 281 4261 si
302 4197 457 4283 inceptam
479 4199 744 4285 oppugnationem
764 4198 974 4282 reliquissent:
1001 4220 1091 4282 prue-

74 4298 151 4355 stare
162 4312 273 4355 omnes
287 4292 422 4377 perferre
436 4294 629 4372 acerbitates,
647 4316 742 4378 quam
760 4316 822 4359 non
840 4291 960 4357 civibus
974 4292 1091 4357 Roma·

74 4380 128 4459 uls,
144 4383 200 4468 qui
218 4380 338 4451 Cenabi
355 4386 484 4471 perfidia
499 4385 661 4452 Gallorum
679 4387 866 4465 interissent,
884 4396 1088 4472 parentarent.

74 4472 147 4543 lnce
163 4478 274 4544 eadem
292 4481 523 4546 centurionibus
538 4481 731 4566 tribunisque
744 4482 878 4548 militum
891 4480 1088 4557 mandabant,

75 4579 106 4635 ut
119 4592 177 4657 per
192 4594 248 4639 eos
260 4573 303 4640 ad
316 4572 485 4642 Caesarem
498 4575 699 4642 deferrentur.
728 4598 800 4641 cum
812 4576 875 4641 iam
888 4597 977 4641 muro
991 4585 1089 4639 turres
1110 4592 1140 4640 18
