2738 5272
191 739 255 806 232
531 749 584 806 DE
601 749 727 806 BELLO
745 749 866 807 clvlnl

191 875 287 942 Curio
313 874 456 941 obsidere
482 872 610 939 Uticam
635 883 667 938 et
692 873 774 938 vallo
799 873 1036 939 circummunire
1067 875 1216 941 instituit.

189 980 256 1035 crat
279 970 312 1034 in
337 968 451 1054 oppido
478 967 642 1034 multitudo
667 967 804 1033 insolens
827 967 901 1033 belli
922 968 1126 1034 diuturnitate
1150 971 1215 1048 otii,

191 1063 357 1129 Uticenses
382 1084 439 1148 pro
468 1061 656 1145 quibusdam
684 1060 830 1127 Caesaris
860 1061 892 1126 in
918 1084 952 1126 se
979 1061 1143 1128 beneficiis
1168 1065 1214 1129 illi

189 1156 378 1234 amicissimi,
397 1167 569 1221 conventus
583 1156 620 1234 is,
638 1155 692 1240 qui
706 1179 746 1220 ex
755 1156 849 1220 variis
862 1156 1029 1242 generibus
1043 1168 1212 1236 constaret,

189 1264 285 1318 terror
306 1274 346 1316 ex
367 1251 578 1337 superioribus
600 1251 725 1336 proeliis
747 1274 890 1337 magnus.
936 1252 1039 1335 itaque
1062 1253 1102 1317 de
1125 1254 1213 1319 dedi·

189 1349 271 1413 tione
288 1370 397 1413 omnes
414 1346 518 1432 palam
535 1346 741 1430 loquebantur
758 1355 789 1410 ct
811 1368 881 1409 eum
899 1345 937 1410 P.
955 1345 1044 1410 Attio
1063 1347 1211 1433 agebant,

188 1464 228 1508 ne
245 1464 303 1507 sua
319 1441 489 1526 pertinacia
505 1441 644 1504 omnium
662 1439 802 1504 fortunas
817 1439 989 1524 perturbari
1002 1440 1105 1504 vellet.
1133 1441 1212 1506 haec

188 1561 259 1603 cum
281 1546 459 1624 agerentur,
486 1537 586 1600 nuntii
607 1535 770 1621 praemissi
792 1535 832 1600 ab
853 1558 927 1621 rege
946 1534 1026 1599 Iuba
1047 1549 1210 1614 venerunt,

187 1633 241 1715 qui
256 1632 343 1696 illum
362 1632 472 1695 adesse
486 1653 558 1695 cum
571 1631 693 1716 magnis
708 1629 804 1714 copiis
822 1629 959 1693 dicerent
972 1639 1002 1693 et
1015 1629 1055 1692 de
1068 1631 1213 1695 custodia

139 1743 170 1792 32
188 1747 226 1790 ac
237 1724 417 1790 defensione
433 1723 516 1788 urbis
529 1724 732 1788 hortarentur.
755 1744 897 1806 quaeres
911 1745 1017 1786 eorum
1030 1724 1212 1807 perterritos

187 1819 305 1884 animos
320 1818 521 1883 confirmavit.
550 1817 771 1882 nuntiabantur
784 1817 861 1881 haec
874 1818 982 1881 cadem
997 1816 1140 1895 Curioni,
1156 1818 1213 1883 sed

187 1913 376 1996 aliquamdiu
393 1912 470 1977 fides
489 1911 556 1975 fieri
570 1935 632 1975 non
645 1921 783 1996 poterat:
803 1921 920 1974 tantam
932 1910 1068 1975 habebat
1082 1935 1213 1976 suarum

186 2029 289 2070 renam
302 2006 456 2070 fiduciam.
483 2005 608 2088 iamque
619 2004 764 2069 Caesaris
779 2005 811 2068 in
820 2004 976 2089 Hispania
987 2026 1038 2068 res
1052 2007 1213 2071 secundae

187 2100 220 2163 in
232 2098 374 2163 Africam
390 2099 506 2163 nuntiis
525 2108 556 2163 et
574 2099 682 2163 litteris
700 2098 943 2182 perferebantur.
979 2097 1095 2181 quibus
1114 2099 1212 2165 rebus

187 2192 330 2258 omnibus
353 2191 495 2256 sublatus
517 2192 593 2257 nihil
616 2201 723 2256 contra
745 2215 779 2256 sc
801 2215 907 2279 regem
929 2215 1079 2256 ausurum
1102 2194 1213 2258 existi-

186 2284 300 2349 mabat.
344 2286 400 2349 sed
423 2285 477 2350 ubi
499 2287 589 2351 certis
616 2285 794 2351 auctoribus
821 2286 971 2370 comperit
996 2286 1101 2351 minus
1123 2287 1157 2351 V
1181 2300 1213 2353 et

118 2418 122 2423 ·
185 2377 259 2443 XX
279 2379 404 2444 milibus
426 2379 519 2466 longe
542 2379 581 2444 ab
604 2379 699 2444 Utica
722 2380 788 2444 cius
812 2380 917 2465 copias
940 2379 1064 2455 abesse,
1092 2380 1213 2446 relictis

185 2473 407 2539 munitionibus
426 2497 496 2539 sese
514 2474 545 2537 in
564 2485 665 2539 castra
679 2472 825 2539 Cornelia
838 2475 963 2559 recepit.
990 2473 1051 2539 lruc
1068 2474 1214 2540 frumcn-

185 2577 253 2632 tum
270 2580 476 2654 comportare,
495 2578 597 2634 castra
614 2569 749 2645 munire,
768 2569 928 2632 materiam
947 2568 1087 2634 conferre
1106 2571 1214 2655 coepit

186 2663 350 2747 statimne
368 2663 400 2727 in
419 2661 558 2728 Siciliam
577 2663 669 2740 misit,
688 2664 734 2726 uti
752 2662 831 2726 duae
849 2662 988 2747 legiones
1006 2662 1213 2747 reliquusque

185 2757 338 2840 equitatus
357 2759 397 2820 ad
416 2780 449 2822 sc
468 2758 647 2822 mitteretur.
676 2768 777 2820 eastra
794 2766 881 2819 erant
899 2756 939 2820 ad
956 2755 1072 2820 bellum
1090 2756 1212 2821 ducen-

185 2851 258 2914 dum
277 2851 438 2936 aptissima
458 2861 569 2915 natura
589 2849 650 2914 loci
672 2861 702 2913 ct
724 2850 893 2914 munitione
911 2860 942 2913 et
964 2849 1057 2913 maris
1080 2852 1212 2936 propin-

184 2945 301 3026 quitate
319 2955 349 3008 ct
367 2967 466 3027 aquae
489 2954 519 3008 ct
542 2944 616 3008 salis
639 2944 742 3027 eopia,
770 2944 858 3007 euius
882 2966 996 3028 magna
1014 2943 1061 3007 vis
1084 2943 1150 3008 iam
1168 2967 1211 3009 ex

183 3037 332 3120 proximis
351 3049 417 3100 erat
434 3037 540 3100 salinis
556 3060 593 3100 eo
607 3047 764 3121 congesta.
792 3060 855 3100 non
868 3038 996 3101 materia
1008 3037 1210 3104 multitudine

184 3127 336 3202 arborum,
355 3150 418 3191 nou
436 3129 634 3202 frumentum,
654 3129 741 3192 euius
761 3140 847 3193 erant
864 3130 1036 3215 plenissimi
1055 3131 1134 3214 agri,
1153 3132 1210 3196 de·

183 3221 273 3284 ficere
291 3230 420 3303 poterat.
447 3222 551 3303 itaque
570 3222 707 3285 omnium
726 3245 852 3286 suorum
871 3246 1022 3288 consensu
1040 3222 1140 3289 Curio
1158 3248 1209 3289 rc-

134 3335 167 3382 as
182 3313 282 3396 liquas
305 3314 411 3398 copias
433 3324 613 3398 exspectare
637 3324 668 3378 ct
693 3315 809 3379 bellurn
836 3318 948 3381 ducere
970 3316 1109 3402 parabat.
1156 3319 1207 3384 his

182 3408 356 3472 constitutis
375 3408 467 3473 rebus
485 3408 683 3492 probatisque
702 3411 838 3476 consiliis
858 3435 897 3475 cx
915 3412 1055 3496 perfugis
1073 3412 1209 3494 quibus·

182 3501 254 3565 dam
276 3502 439 3586 oppidanis
462 3503 547 3566 audit
568 3502 680 3567 Iubam
703 3516 883 3569 revocatum
908 3506 1037 3570 finitimo
1064 3504 1148 3571 bello
1176 3520 1209 3572 et

183 3597 399 3663 controversiis
416 3597 654 3682 Leptitanorum
672 3599 821 3663 restitisse
839 3600 871 3663 in
888 3623 998 3685 regno,
1019 3598 1205 3680 Saburram,

182 3689 248 3755 eius
266 3689 472 3774 praefectum,
500 3713 571 3757 cum
594 3693 801 3757 mediocribus
819 3694 917 3778 copiis
939 3695 1070 3758 missum
1088 3694 1206 3760 Uticae

181 3784 436 3868 appropinquare.
476 3784 525 3848 his
548 3786 726 3851 auctoribus
749 3797 864 3852 temere
887 3790 1015 3852 credens
1037 3789 1205 3854 consilium

181 3889 350 3943 commutat
372 3889 403 3943 ct
424 3879 540 3964 proelio
558 3903 623 3944 rem
642 3883 833 3947 committere
857 3885 1024 3948 constituit.
1069 3886 1205 3950 multum

180 3973 221 4037 ad
238 3973 318 4036 hanc
334 3996 400 4040 rem
417 3973 608 4057 probandam
627 3976 753 4040 adiuvat
772 3976 994 4055 adulescentia,
1017 3980 1206 4065 magnitudo

180 4067 283 4142 animi,
303 4068 470 4152 superioris
488 4070 635 4155 temporis
653 4083 837 4154 proventus,
856 4072 971 4137 fiducia
986 4074 1031 4137 rei
1048 4074 1129 4139 bene
1148 4099 1205 4162 ge-

179 4160 302 4223 rendae.
330 4161 378 4224 his
396 4161 489 4226 rebus
507 4163 660 4247 impulsus
675 4165 846 4247 equitatum
860 4189 984 4230 ornnem
997 4168 1097 4251 prima
1109 4184 1205 4235 nocte

180 4252 221 4315 ad
246 4267 347 4316 castra
372 4254 508 4322 hostiurn
535 4257 628 4321 mittit
653 4259 693 4321 ad
719 4259 835 4325 flumen
861 4260 1053 4345 Bagradam3
1084 4263 1203 4345 quibus

179 4357 319 4428 praeerat
339 4344 485 4425 Saburra,
504 4350 544 4414 dc
562 4373 623 4432 quo
641 4363 712 4416 ante
730 4363 795 4417 erat
813 4354 967 4431 auditum,
987 4355 1043 4419 sed
1059 4378 1116 4419 rex
1133 4378 1203 4421 om·

180 4438 271 4502 nibus
298 4440 395 4523 copiis
417 4443 638 4527 insequebatur
659 4457 690 4510 ct
712 4469 768 4511 sex
790 4447 910 4513 milium
932 4472 1082 4532 [ansanum
1105 4450 1202 4515 inter-

180 4533 261 4598 vallo
292 4558 312 4598 a
339 4533 477 4602 Saburra
507 4539 697 4605 consederat.
751 4542 871 4625 equites
902 4543 990 4607 missi
1020 4553 1110 4608 nocte
1141 4543 1203 4610 iter
