2738 5272
271 772 311 836 12
585 780 638 835 DE
655 778 783 834 BELLO
803 776 972 836 GALHOO

268 916 373 970 monto
391 916 543 991 occupato
557 915 680 970 nostros
694 902 896 990 exspectabat
909 901 1088 988 proelioque
1100 899 1293 969 abstinebat

268 1001 365 1065 multo
387 1002 520 1084 denique
546 1001 596 1065 die
622 1023 678 1086 per
704 999 914 1086 exploratores
937 997 1055 1064 Caesar
1081 1001 1233 1085 cognovit
1263 1012 1294 1067 et

268 1106 405 1160 montem
424 1121 443 1160 a
461 1097 526 1161 suis
544 1097 641 1160 teneri
659 1107 690 1160 et
703 1095 867 1159 Helvetios
885 1104 987 1159 castra
1003 1094 1140 1159 movisse
1158 1106 1190 1159 et
1205 1094 1293 1161 Con·

268 1189 382 1253 sidium
400 1190 508 1255 timore
526 1191 729 1275 perterritum,
744 1188 830 1272 quod
842 1210 906 1253 non
918 1188 1057 1266 vidisset,
1075 1210 1132 1273 pro
1145 1189 1218 1255 viso
1232 1189 1292 1254 sibi

268 1283 472 1347 renuntiasse.
504 1305 541 1347 oo
555 1284 605 1347 die
618 1305 681 1368 quo
699 1293 863 1348 consuerat
880 1282 1040 1347 intervallo
1058 1282 1164 1347 hostes
1183 1284 1292 1367 sequi-

270 1387 320 1440 tur
337 1387 368 1440 et
384 1376 470 1440 milia
486 1399 639 1461 passuum
657 1377 715 1441 tria
732 1376 772 1441 ab
790 1399 897 1441 eorum
916 1376 1025 1441 castris
1043 1386 1146 1441 castra
1163 1378 1264 1462 ponit.

218 1480 250 1529 ‘23
328 1470 484 1535 Postridie
506 1472 573 1536 eius
596 1472 671 1547 diei,
699 1471 783 1554 quod
809 1471 935 1536 omnino
960 1470 1090 1535 biduum
1117 1484 1289 1556 supererat,

268 1587 339 1627 eum
371 1565 518 1630 exercitui
547 1565 737 1629 frumentum
768 1564 869 1629 metiri
901 1574 1068 1649 oporteret,
1099 1573 1130 1629 et
1156 1566 1246 1648 quod
1272 1590 1291 1629 a

267 1658 426 1735 Bibracte,
450 1659 565 1744 oppido
582 1658 787 1724 Haeduorum
809 1658 902 1744 longe
925 1658 1061 1722 maximo
1084 1669 1115 1723 et
1136 1659 1291 1744 copiosis-

268 1753 362 1828 simo,
390 1775 450 1818 non
473 1752 606 1838 amplius
629 1751 755 1817 milibus
780 1774 931 1837 passuum
953 1750 1074 1816 XVIII
1095 1751 1220 1830 aberat,
1246 1754 1290 1817 rei

268 1846 487 1910 frumentariae
512 1846 764 1931 prospiciendum
790 1846 992 1910 existimavit:
1019 1845 1078 1909 iter
1102 1844 1143 1909 ab
1168 1844 1291 1911 Helve-

268 1940 318 2003 tiis
341 1939 452 2003 avertit
473 1961 511 2003 ae
528 1939 673 2003 Bibracte
694 1940 739 2004 ire
761 1939 927 2004 contendit
972 1961 1010 2004 ea
1030 1961 1080 2003 res
1102 1961 1159 2024 per
1179 1938 1290 2025 sugiti-

268 2054 324 2095 ros
348 2033 388 2094 L.
407 2031 548 2108 Aemilii,
576 2033 751 2098 decurionis
777 2033 917 2116 equitum
936 2030 1113 2110 Gallorum,
1141 2032 1289 2099 hostibus

268 2125 434 2188 nuntiatur.
479 2124 631 2203 Ilelvetii,
655 2149 712 2191 seu
737 2127 822 2210 quod
844 2127 953 2191 timore
975 2126 1152 2212 perterritos
1170 2125 1291 2191 Musa

267 2241 325 2281 nos
348 2217 547 2283 discederes
570 2242 604 2284 se
626 2220 851 2298 existimarent,
879 2243 916 2284 eo
939 2220 1053 2305 magis,
1080 2219 1166 2303 quod
1186 2219 1289 2304 pridie

269 2312 479 2397 superioribus
501 2312 577 2377 locis
604 2315 762 2399 occupatis
785 2315 936 2400 proelium
962 2337 1025 2378 non
1047 2314 1288 2392 commisissent,
1358 2350 1362 2355 ·

269 2406 334 2470 sive
361 2429 412 2483 00,
439 2407 523 2490 quod
549 2432 583 2472 re
609 2408 810 2472 frumentaria
835 2408 999 2474 intercludi
1028 2430 1123 2492 posse
1150 2408 1290 2473 confide-

266 2510 348 2575 rent,
384 2511 574 2565 commutato
609 2502 737 2565 consilio
773 2515 865 2585 atque
900 2502 1008 2566 itinere
1043 2523 1196 2566 converso
1232 2526 1288 2567 no·

269 2605 348 2658 stros
370 2617 390 2658 a
410 2596 581 2661 novissimo
598 2596 722 2681 agmine
743 2595 865 2679 insequi
883 2618 921 2660 ae
937 2595 1089 2659 lacessere
1107 2606 1287 2680 coeperunt.

217 2700 248 2746 ‘24
267 2700 432 2772 postquam
459 2690 492 2754 id
523 2690 661 2755 animum
691 2689 836 2766 advertit,
869 2689 974 2774 copias
1006 2711 1079 2753 suns
1107 2688 1229 2753 Caesar
1254 2690 1287 2753 in

266 2783 442 2865 proximum
465 2784 575 2849 collem
598 2783 744 2849 subducit
769 2782 1015 2865 equitatumque,
1038 2781 1092 2865 qni
1119 2782 1288 2846 sustineret

267 2875 403 2942 hostiurn
422 2878 585 2963 impetum,
604 2878 697 2943 misit.
736 2877 805 2962 ipse
822 2876 944 2940 interim
966 2876 999 2940 in
1016 2876 1094 2940 colle
1111 2876 1215 2941 medio
1233 2876 1288 2941 tri-

266 2968 377 3052 plicem
392 2973 492 3036 aciem
505 2972 649 3037 instruxit
666 2971 825 3057 legionum
837 2980 983 3053 quattuor
996 2980 1213 3034 veteranarum
1227 2968 1288 3055 [ita

265 3063 310 3124 nti
333 3062 456 3148 supra];
485 3065 541 3128 sed
566 3065 599 3127 iu
621 3086 743 3127 summo
769 3064 843 3150 iugo
866 3063 944 3128 duas
970 3063 1124 3149 legiones,
1147 3086 1226 3146 quas
1253 3062 1286 3125 in

268 3151 372 3219 Gallia
393 3157 533 3220 citeriore
558 3158 700 3241 proxime
726 3158 965 3242 conscripserat,
989 3168 1020 3221 et
1041 3157 1147 3231 omnia
1167 3156 1286 3221 auxilia

227 3318 235 3332 ο
267 3246 429 3311 collocavit
448 3271 485 3313 ae
503 3258 602 3313 totmn
620 3260 757 3314 montem
774 3250 950 3315 horninibus
969 3250 1149 3336 complevit3
1167 3250 1286 3315 interea

266 3340 402 3405 sarcinas
425 3342 576 3406 inunum
601 3343 704 3408 locum
727 3344 859 3409 conferri
882 3355 912 3409 ot
934 3367 1006 3408 eum
1028 3344 1068 3409 ab
1090 3343 1153 3421 his,
1176 3343 1232 3427 qui
1253 3344 1286 3407 in

265 3435 421 3518 superiore
444 3436 509 3500 acie
532 3438 745 3515 constiterant,
768 3439 881 3503 muniri
903 3439 1002 3504 iussit.
1047 3438 1188 3503 Helvetii
1213 3460 1284 3503 eum

265 3528 409 3593 omuibus
432 3530 496 3594 suis
520 3532 615 3595 canis
638 3533 736 3596 secuti
762 3533 982 3617 impedimenta
1007 3533 1039 3597 in
1062 3555 1159 3597 uuum
1180 3531 1285 3598 locum

265 3623 473 3701 corrtulcrunt3
491 3626 552 3710 ipsi
570 3626 798 3691 confertissima
815 3628 881 3691 acie
894 3627 1008 3691 reiecto
1022 3638 1127 3691 nostro
1145 3625 1287 3710 equitatu

263 3716 419 3804 phalange
437 3720 520 3784 stacta
538 3720 597 3784 snb
620 3721 752 3805 primam
774 3731 913 3784 nostram
935 3721 1035 3784 aciem
1057 3728 1284 3785 successerunt.

213 3825 245 3874 ⁴25
265 3811 382 3878 Caesar
411 3815 545 3898 primurn
572 3838 643 3893 suo,
670 3815 782 3879 deinde
809 3815 946 3878 omniurn
974 3838 1014 3879 ex
1040 3824 1212 3899 conspeetu
1236 3835 1286 3877 re-

263 3908 355 3972 motis
374 3909 472 3992 equis,
492 3920 526 3973 ut
543 3918 675 3992 aequato
694 3909 832 3972 omnium
850 3909 987 3993 periculo
1005 3931 1094 3993 spem
1111 3908 1208 3994 sugas
1226 3906 1285 3971 tol·

263 3999 352 4076 leret,
376 4003 553 4068 cohortatus
573 4027 646 4068 suos
664 4003 815 4087 proelium
834 4003 997 4068 commisit.
1037 4002 1152 4067 milites
1174 4024 1191 4066 e
1214 4001 1284 4065 loco

264 4095 422 4177 superiore
439 4098 511 4180 pilis
529 4099 634 4163 missis
653 4098 744 4162 sacile
761 4096 899 4162 hostium
917 4097 1107 4182 phalangem
1124 4096 1284 4182 perfrege-

263 4199 344 4251 runt.
388 4212 426 4252 ea
448 4191 578 4256 disiecta
599 4193 713 4277 gladiis
731 4192 887 4256 destrictis
909 4193 940 4255 in
960 4215 1013 4256 cos
1031 4193 1184 4277 impetum
1200 4190 1285 4255 fecc-

262 4294 342 4345 runt.
380 4280 480 4348 Gallis
499 4309 613 4371 magno
631 4287 672 4351 ad
694 4309 833 4371 pugnam
855 4299 920 4349 erat
941 4286 1179 4370 impedimento,
1197 4282 1283 4369 quod

262 4375 402 4459 pluribus
421 4400 527 4440 eorum
551 4381 647 4445 scutis
669 4403 732 4444 uno
750 4381 814 4444 ietu
835 4380 969 4464 pilorum
991 4380 1149 4443 transfixis
1167 4389 1199 4443 et
1221 4376 1284 4442 col-

262 4469 379 4554 ligatis,
403 4492 474 4534 cum
495 4471 611 4536 ferrum
634 4496 667 4538 se
685 4474 869 4551 inflexisset,
897 4496 997 4556 neque
1023 4473 1156 4537 evellere
1182 4492 1284 4555 neque

262 4564 388 4628 sinistra
408 4563 558 4650 impedita
580 4568 655 4632 satis
679 4568 841 4633 commode
863 4590 1003 4655 pugnare
1024 4576 1176 4653 poterant,
1194 4564 1284 4631 multi
