2692 5206
390 785 507 842 COMM.
524 785 589 842 VII.
607 784 720 841 56-59
1006 774 1068 839 139

43 918 88 977 est
98 911 133 976 in
150 908 257 974 insula
269 908 405 974 fluminis
419 907 594 993 Sequanae.
622 909 709 973 cuius
724 910 858 973 adventu
872 909 913 975 ab
925 910 1068 976 hostibus

45 1004 170 1091 cognito
183 1025 319 1089 magnac
332 1026 372 1067 ex
384 1003 524 1068 finitimis
538 1002 717 1068 civitatibus
731 1004 839 1088 copiae
848 1018 1069 1070 convenerunt.

48 1121 168 1162 summa
190 1097 312 1183 imperii
334 1098 465 1162 traditur
484 1096 699 1183 Camulogeno
716 1096 869 1174 Aulerco‚
896 1099 949 1182 qui
971 1121 1069 1184 prope

49 1191 208 1257 confectus
233 1202 334 1255 aetate
356 1201 459 1256 tamen
481 1201 607 1276 propter
629 1191 820 1276 singularem
842 1192 1003 1257 scientiam
1024 1193 1070 1258 rei

53 1285 187 1351 militaris
205 1285 246 1349 ad
263 1307 336 1349 eum
355 1296 404 1349 est
421 1285 571 1350 honorem
594 1295 752 1350 evocatus.
786 1287 814 1350 is
838 1308 909 1350 cum
931 1287 1070 1351 animad-

55 1381 190 1445 vertisset
210 1391 394 1466 perpetuam
416 1402 486 1445 esse
507 1379 669 1464 paludem,
693 1401 773 1462 quae
794 1379 938 1444 influeret
958 1380 992 1444 in
1010 1378 1068 1445 Se-

60 1494 183 1556 quanam
200 1484 295 1557 atque
311 1472 400 1537 illum
420 1495 545 1538 omnem
562 1473 665 1538 locum
684 1495 872 1560 magnopere
894 1473 1067 1558 impediret,

63 1564 104 1631 bic
117 1568 258 1632 consedit
275 1576 461 1651 nostrosque
483 1567 615 1631 transitu
632 1567 797 1652 prohibere
819 1566 960 1631 instituit.
1004 1567 1070 1631 La·
1088 1587 1121 1635 58
1186 1644 1189 1650 ¹

66 1657 158 1726 bienna
175 1662 277 1747 primo
294 1662 402 1725 vineas
416 1684 519 1747 agere,
538 1660 674 1726 cratibus
689 1672 782 1745 atquc
796 1683 912 1748 aggere
924 1659 1072 1747 paludem

72 1753 173 1838 explere
189 1764 284 1838 atque
300 1755 360 1820 iter
376 1756 498 1820 munire
520 1754 700 1820 conabatur.
744 1766 912 1841 postquam
933 1756 967 1819 id
989 1755 1072 1819 diffi-

75 1845 140 1912 cilius
156 1848 283 1913 confieri
301 1849 532 1926 animadvertit,
552 1849 675 1914 silentio
694 1872 711 1913 e
730 1850 839 1913 castris
858 1849 948 1913 tertia
965 1848 1073 1935 vigilia

77 1958 194 2024 cgrcssm
220 1943 345 2020 eodem,
373 1964 435 2026 quo
462 1956 602 2020 venerat,
629 1944 738 2007 itinere
766 1942 975 2008 Melodunum
1000 1964 1073 2028 per-

78 2034 146 2098 uenit.
185 2036 219 2100 id
236 2045 285 2100 est
302 2037 452 2121 oppidum
472 2034 633 2101 Senonum
655 2037 688 2100 in
710 2036 814 2102 insula
832 2035 999 2119 Sequanae
1015 2058 1072 2120 po-

80 2124 156 2204 titum,
171 2139 206 2193 ut
223 2129 318 2215 paulo
336 2140 407 2194 ante
425 2131 465 2194 dc
479 2131 607 2195 Lutetia
624 2131 769 2194 diximus.
797 2130 999 2215 deprebensis
1017 2154 1072 2194 na-

80 2217 145 2286 u'bu
165 2223 285 2288 circiter
306 2224 533 2310 quinquaginta
555 2225 756 2308 celeriterque
782 2224 954 2289 coniunctis
978 2234 1072 2307 atque

80 2331 106 2376 co
120 2316 260 2382 militibus
283 2318 404 2382 iniectis
427 2332 459 2382 et
481 2318 525 2382 rei
547 2319 684 2383 novitate
705 2319 874 2405 perterritis
897 2317 1070 2403 oppidanis,

79 2425 183 2488 quorum
198 2435 315 2498 magna
332 2435 405 2497 pars
425 2424 490 2477 erat
509 2415 550 2477 ad
566 2414 683 2478 bellum
702 2424 843 2490 evocata,
863 2414 929 2478 siue
947 2423 1073 2477 conten-

81 2499 140 2568 tione
159 2506 274 2590 cppido
295 2507 420 2591 potitur.
469 2507 585 2572 refecto
608 2518 716 2592 ponte,
743 2530 836 2591 quem
860 2505 1072 2592 superioribus

78 2591 162 2662 diebus
179 2598 286 2664 hostes
304 2601 507 2678 resciderunt,
535 2603 704 2665 exercitum
727 2602 859 2665 traducit
882 2610 912 2664 et
935 2600 1073 2665 secundo

77 2684 179 2756 lumine
195 2694 237 2757 ad
254 2693 416 2758 Lutetiam
433 2695 491 2759 iter
508 2695 611 2759 fucere
630 2695 741 2779 coepit.
772 2694 879 2758 hostes
897 2717 931 2758 re
949 2693 1074 2778 cognita

75 2779 162 2863 abiis,
187 2787 243 2870 qui
260 2811 281 2851 a
296 2787 469 2852 Meloduno
487 2788 646 2875 fugerant,
673 2789 833 2852 Lutetiam
851 2789 976 2852 incendi
997 2810 1074 2873 pon-

73 2886 161 2964 tesque
177 2883 246 2947 eius
264 2883 371 2969 oppidi
387 2885 520 2949 rescindi
538 2884 660 2961 iubent;
682 2884 743 2968 ipsi
765 2882 896 2968 profecti
919 2905 938 2946 a
959 2883 1074 2968 palude

71 2971 101 3035 sd
124 2975 206 3061 ripas
235 2974 401 3061 Sequanae
432 3000 449 3042 e
479 2978 606 3063 regione
633 2977 780 3042 Lutetiae
807 2985 914 3041 contra
938 2974 1074 3040 Labieni

69 3078 153 3135 caena
169 3071 346 3135 considunt.
383 3072 445 3136 iam
465 3070 583 3137 Caesar
601 3095 620 3136 a
638 3070 798 3156 Gergovia
815 3071 999 3136 discessisse
1018 3094 1073 3134 au·
1091 3092 1105 3138 a

66 3159 207 3241 diabatur,
226 3165 289 3229 iam
304 3166 343 3229 de
352 3165 558 3230 Haeduorum
573 3165 746 3230 defectione
761 3174 791 3229 et
805 3165 941 3230 secundo
952 3162 1074 3230 Galliae

62 3269 138 3323 notu
156 3281 299 3324 rumores
322 3259 543 3336 afferebantur,
572 3258 720 3344 Gallique
741 3260 774 3323 in
798 3259 960 3343 colloquiis
977 3260 1074 3323 inter-

60 3349 174 3418 clusum
200 3353 311 3419 itinere
337 3364 368 3418 et
389 3355 499 3440 Ligeri
523 3353 692 3419 Caesarem
717 3354 823 3439 inopia
849 3354 997 3417 frumenti
1023 3376 1074 3418 co-

57 3456 155 3513 suum
172 3448 206 3512 in
222 3449 415 3533 provinciam
432 3450 629 3514 contendisse
648 3449 880 3514 confirmabant.
910 3447 1073 3512 Bellovaci

55 3550 155 3605 sutem
174 3541 349 3607 defectione
366 3543 572 3607 Haeduorum
591 3543 729 3628 cognita,
753 3542 895 3626 quiante
914 3554 1001 3605 erant
1018 3563 1074 3625 per

54 3655 87 3699 sc
108 3634 268 3712 infideles,
294 3659 406 3700 manus
433 3659 545 3722 cogere
572 3646 664 3720 atque
691 3647 796 3721 aperte
823 3635 939 3700 bellum
964 3657 1073 3720 parare

53 3740 230 3813 coeperrmt.
257 3739 324 3793 tum
336 3729 498 3794 Labienus
513 3741 715 3794 tartarorum
728 3729 968 3794 commutatione
981 3728 1074 3813 longe

54 3820 135 3887 aliud
152 3821 215 3887 sibi
233 3823 419 3907 capiendum
437 3824 616 3899 consilium,
635 3834 728 3906 atque
747 3835 840 3887 antea
857 3831 1009 3898 senserat,
1028 3821 1075 3884 in-

55 3913 219 4002 tellegebat
236 3938 338 4000 neque
354 3917 428 3994 iam,
447 3928 481 3981 ut
499 3917 617 4000 aliquid
634 3917 806 4000 acquireret
822 3916 1002 4001 proelioque
1019 3913 1075 3978 ho-

56 4017 116 4073 stes
132 4010 316 4087 lacesseret,
345 4012 402 4076 sed
423 4021 458 4075 ut
478 4012 666 4076 incolumem
689 4012 858 4075 exereitum
875 4009 1075 4094 Agedincum

56 4102 227 4182 reduceret,
255 4104 421 4191 cogitabat
465 4128 599 4189 namque
622 4105 718 4170 altera
740 4128 779 4169 ex
800 4114 887 4190 parte
904 4104 1073 4179 Bellovaci,

57 4215 129 4277 quae
146 4198 258 4263 civitas
276 4199 309 4263 in
327 4197 432 4265 Gallia
449 4201 618 4265 maximam
636 4199 730 4264 habet
747 4199 925 4284 opinionem
942 4198 1073 4272 virtutis,

57 4286 218 4371 instabant,
233 4293 363 4359 alteram
378 4293 612 4382 Camulogenus
627 4304 735 4379 parato
748 4305 842 4376 atque
855 4293 1006 4358 instructo
1021 4316 1074 4357 ex·

58 4384 147 4450 acitu
159 4387 301 4466 tenebat3
320 4400 386 4452 tum
403 4389 544 4475 legiones
563 4412 582 4453 a
594 4388 749 4473 praesidio
763 4397 856 4471 atque
869 4387 1075 4473 impedimen-

58 4475 93 4541 tis
108 4478 293 4547 interclusas
311 4484 484 4548 maximum
508 4484 624 4547 flumen
642 4482 818 4546 distinebat.
858 4481 951 4545 tantis
971 4479 1073 4544 subito

58 4569 287 4641 difficultatibus
314 4577 443 4643 obiectis
469 4578 509 4643 ab
536 4577 631 4643 animi
654 4577 765 4643 virtute
792 4575 942 4640 auxilium
967 4585 1074 4659 peten-
1107 4582 1109 4592 ’
