2692 5206
407 744 526 803 cortu.
543 744 608 801 vn.
626 746 740 801 10-1a
1016 733 1078 798 119

56 869 293 960 oppugnatione
306 868 546 946 Vellaunoduni,
564 891 637 933 eum
648 869 773 956 longius
786 891 856 934 eam
867 892 934 935 rem
951 869 1080 934 ductum

55 968 95 1034 iri
116 966 346 1043 existimarent,
372 963 561 1049 praesidium
586 964 707 1029 Cenabi
730 965 836 1029 tuendi
858 987 966 1043 causa,
994 966 1080 1049 quod

56 1084 96 1127 eo
113 1061 287 1136 mitterent,
310 1056 540 1143 comparabant
584 1058 646 1122 hue
663 1058 758 1123 biduo
776 1060 925 1143 pervenit.
969 1060 1080 1125 castris

56 1166 132 1221 ante
154 1153 306 1239 oppidum
326 1152 436 1238 positis
460 1151 521 1216 diei
543 1161 681 1238 tempore
703 1153 849 1219 exclusus
866 1153 900 1217 in
920 1163 1080 1239 posterum

57 1248 327 1334 oppugnationem
344 1247 448 1312 differt
464 1269 606 1332 quaeque
623 1247 664 1311 ad
686 1270 755 1312 eam
773 1271 838 1312 rem
856 1249 928 1313 usui
944 1249 1007 1313 sint
1023 1249 1081 1313 mi·

56 1342 167 1408 litibus
184 1342 318 1427 imperat
335 1352 376 1418 et,
394 1342 479 1425 quod
495 1342 645 1427 oppidum
666 1339 831 1407 Cenabum
847 1364 926 1428 pons
943 1342 1080 1408 fluminis

57 1436 187 1522 Ligeris
205 1434 397 1513 continebat,
420 1436 552 1513 veritus,
575 1457 615 1499 ne
632 1445 728 1500 noctu
745 1458 785 1501 ex
802 1435 917 1522 oppido
933 1436 1080 1522 profuge-

57 1540 139 1605 rent,
156 1530 237 1594 duas
254 1529 393 1616 legiones
411 1529 444 1593 in
461 1529 556 1593 armis
574 1528 728 1594 excubare
744 1528 840 1594 iubet.
879 1527 1081 1595 Cenabenses

57 1623 154 1709 paulo
180 1633 253 1687 ante
278 1622 414 1687 medinm
447 1632 570 1688 noctem
601 1623 723 1687 silentio
753 1645 792 1687 ex
818 1623 933 1709 oppido
963 1623 1082 1710 egressi
1177 1638 1180 1644 ’

59 1716 177 1781 flumen
195 1716 325 1781 transire
343 1727 520 1802 coeperunt.
564 1739 626 1800 qua
644 1739 677 1781 re
693 1739 749 1802 per
770 1717 980 1801 exploratores
1001 1738 1081 1781 nun-

58 1812 137 1875 tiata
153 1809 274 1876 Caesar
290 1810 439 1897 legiones,
459 1832 537 1893 quas
555 1811 716 1895 expeditas
734 1832 805 1876 esse
821 1812 965 1889 iusserat,
983 1810 1081 1896 portis

59 1904 198 1969 incensis
231 1905 405 1969 intromittit
436 1917 529 1988 atque
560 1906 674 1991 oppido
703 1906 819 1991 potitur
848 1906 1012 1991 perpaucis
1042 1928 1082 1969 ex

57 1996 199 2063 hostium
214 2020 345 2063 numero
361 1997 559 2075 desideratis,
587 1999 663 2082 quin
681 2000 783 2063 cuncti
800 1999 866 2064 rivi
888 2007 1080 2085 caperentur,

58 2091 145 2175 quod
160 2091 266 2177 pontis
284 2101 378 2175 atque
395 2092 540 2157 itinerum
563 2093 726 2178 angustiae
749 2093 954 2157 multitudinis
971 2093 1081 2177 fugam

57 2184 305 2251 intercluserant.
350 2186 500 2272 oppidum
517 2186 623 2272 diripit
640 2197 733 2271 atque
755 2188 906 2264 incendit,
932 2186 1081 2272 praedam

57 2278 213 2345 militibus
230 2279 339 2357 donat,
362 2280 532 2346 exercitum
548 2281 699 2367 Ligerem
716 2282 849 2347 traducit
866 2292 960 2366 atque
976 2280 1010 2345 in
1025 2280 1081 2343 Bi-

58 2373 201 2459 turigum
221 2373 300 2439 fines
322 2374 473 2459 pervenit.
517 2373 769 2461 Vercingetorix,
795 2374 850 2440 ubi
871 2375 911 2440 dc
934 2372 1080 2439 Caesaris
1101 2390 1132 2439 12

58 2466 199 2533 advemu
210 2467 366 2552 eognovit,
384 2468 615 2554 oppugnatione
629 2468 748 2534 destitit
760 2478 853 2553 atque
866 2467 990 2533 obviarn
1001 2465 1082 2533 Cae-

58 2560 124 2625 sari
140 2559 354 2645 proficiscitur.
380 2561 432 2626 ille
445 2562 595 2647 oppidum
609 2562 796 2648 Biturigum,
815 2561 951 2648 positum
969 2562 1001 2625 in
1018 2560 1080 2636 ria,

57 2653 282 2719 Noviodunum
304 2677 485 2741 oppugnare
507 2657 689 2721 instituerat.
734 2679 796 2740 quo
814 2678 854 2720 cx
875 2656 990 2741 oppido
1008 2676 1080 2718 cum

57 2747 157 2834 legati
173 2749 306 2813 adeum
323 2750 480 2815 venissent
498 2762 633 2827 oratum,
656 2760 691 2814 ut
712 2750 773 2814 sibi
794 2751 969 2837 ignosceret
992 2770 1082 2813 suac-

58 2864 123 2927 que
140 2843 224 2908 vitae
242 2844 429 2922 consuleret,
457 2855 491 2909 ut
509 2845 665 2909 eeleritate
681 2844 817 2928 reliquas
834 2867 884 2909 res
907 2842 1081 2918 conficeret,

58 2958 125 3021 qua
140 2936 289 3023 pleraque
307 2948 373 3003 erat
390 2950 590 3016 consecutus,
614 2962 701 3003 arma
718 2939 864 3016 conferri,
891 2959 988 3022 equos
1010 2958 1082 3021 pro-

58 3032 144 3109 duci,
162 3031 289 3097 obsides
306 3032 373 3097 dari
391 3033 485 3098 iubet.
521 3044 608 3118 parte
625 3033 688 3098 iam
705 3032 851 3098 obsidum
869 3032 990 3108 tradita,
1009 3053 1082 3096 cum

58 3125 183 3210 reliqua
199 3126 493 3205 administrarentur,
512 3127 743 3192 centurionibus
762 3138 793 3191 et
809 3127 918 3212 paucis
932 3124 1081 3189 militibus

58 3219 262 3296 intromissis,
284 3221 339 3303 qui
356 3244 442 3284 arma
458 3221 656 3305 iumentaque
674 3222 902 3305 conquirerent,
926 3220 1081 3304 equitatus

58 3312 199 3377 hostium
216 3313 325 3399 procul
341 3314 428 3379 visus
446 3324 504 3391 est,
522 3316 576 3399 qui
589 3337 704 3401 agmen
716 3314 982 3401 Vercingetorigis
996 3322 1082 3377 ante-

59 3420 208 3471 cesserat.
253 3430 347 3490 quem
365 3408 552 3492 simulatque
570 3410 716 3495 oppidani
739 3419 966 3495 conspexerunt
989 3418 1082 3491 atque

58 3501 92 3565 in
113 3522 204 3586 spem
228 3501 334 3566 auxilii
355 3514 519 3580 venerunt,
546 3504 680 3568 elamore
707 3503 829 3568 sublato
852 3526 938 3567 arma
960 3523 1080 3586 capere,

59 3608 168 3681 portas
185 3594 340 3672 claudere,
360 3619 483 3660 murum
502 3597 656 3682 complere
675 3607 852 3681 coeperunt.
888 3595 1082 3660 centuriones

60 3690 93 3755 in
109 3688 239 3774 oppido,
257 3711 329 3753 eum
342 3712 382 3754 ex
397 3690 623 3777 significatione
637 3688 801 3756 Gallorum
817 3691 891 3754 novi
909 3688 1025 3771 aliquid
1043 3686 1082 3750 ab

60 3782 99 3849 iis
115 3783 189 3847 iniri
206 3783 327 3847 consilii
343 3784 583 3861 intellexissent,
602 3784 715 3870 gladiis
734 3784 888 3848 destrictis
906 3792 1012 3867 portas
1031 3802 1083 3844 oc-

60 3885 255 3963 cupaverunt
273 3899 407 3960 suosque
426 3901 534 3943 omnes
552 3878 722 3943 incolumes
740 3888 932 3962 receperunt.
965 3874 1084 3939 Caesar
1104 3892 1134 3939 13

61 3992 102 4034 ex
125 3970 239 4035 eastris
265 3972 436 4055 equitatum
464 3973 554 4037 educi
584 3971 671 4037 iubet
700 3972 914 4057 proeliumque
941 3981 1083 4054 equestre

61 4064 240 4129 committit:
266 4064 480 4131 laborantibus
503 4067 566 4132 iam
588 4067 653 4131 suis
677 4064 852 4132 Germanos
879 4065 999 4148 equites
1025 4063 1085 4128 eir-

62 4158 138 4224 eiter
155 4156 278 4225 CCCC
296 4159 458 4238 submittit,
477 4183 556 4245 quos
575 4160 615 4225 ab
633 4160 721 4225 initio
740 4182 847 4225 secum
864 4158 979 4224 habere
996 4158 1083 4223 insti-

63 4262 173 4319 tuerat
222 4275 330 4319 eorum
355 4255 508 4340 impetum
536 4251 620 4320 Galli
647 4254 799 4319 sustinere
829 4275 892 4317 non
917 4261 1084 4338 potuerunt

62 4358 155 4432 atque
175 4347 211 4413 in
227 4348 338 4435 sugam
359 4350 490 4415 coniecti
512 4349 617 4413 multis
639 4348 763 4414 amissis
786 4370 820 4412 se
843 4347 884 4411 ad
905 4369 1018 4433 agmen
1036 4370 1084 4410 rc·

61 4452 221 4529 cepcnmt.
269 4443 382 4526 quibus
413 4443 584 4530 profligatis
614 4466 722 4507 rursus
754 4441 902 4527 oppidani
931 4441 1084 4527 perterriti

61 4537 306 4624 comprehensos
337 4560 405 4617 eos,
446 4560 579 4623 quorum
610 4559 705 4623 opera
740 4535 864 4622 plebem
898 4535 1083 4600 concitatam
