2692 5206
363 404 370 423 Ι

463 822 578 880 COMbl
596 824 619 879 Ι.
636 824 755 880 45-48.
1076 809 1119 876 25

96 953 223 1040 equites
248 950 411 1026 fecissent,
448 970 546 1033 eaque
575 971 626 1013 res
656 949 843 1033 colloquium
869 961 904 1014 ut
933 950 1117 1028 diremisset,

96 1048 200 1113 multo
221 1045 320 1110 maior
342 1043 483 1108 alacritas
506 1043 703 1127 studiumque
724 1044 883 1130 pugnandi
904 1045 1004 1110 maius
1031 1066 1119 1109 exer.

97 1140 175 1206 citui
193 1140 342 1204 iniectum
360 1148 416 1202 est.

164 1234 271 1298 Biduo
294 1241 367 1317 post
392 1231 570 1296 Ariovistus
598 1231 638 1295 ad
665 1229 832 1297 Caesarem
860 1231 980 1319 legatos
1011 1234 1116 1297 mittit:
1135 1253 1167 1300 41

97 1328 182 1394 velle
205 1350 239 1392 se
257 1327 296 1391 de
313 1325 363 1390 his
379 1324 488 1402 rebus,
512 1346 592 1408 quae
614 1326 694 1390 inter
716 1348 769 1391 eos
792 1327 844 1412 agi
866 1337 992 1412 coeptae
1017 1350 1117 1411 neque

99 1423 261 1511 perfectae
278 1432 396 1499 essent,
423 1443 515 1507 agere
532 1443 605 1485 cum
622 1443 673 1485 eo:
700 1422 746 1485 uti
763 1432 816 1486 aut
838 1422 948 1487 iterum
966 1423 1117 1508 colloquio

99 1520 186 1583 diem
198 1517 407 1594 constitueret,
427 1526 489 1591 aut,
509 1516 536 1580 si
553 1515 586 1579 id
603 1515 705 1580 minus
719 1515 820 1593 vellet,
839 1538 879 1580 cx
893 1517 957 1582 suis
977 1516 1116 1605 [legatis]

100 1613 240 1697 aliquem
261 1611 302 1677 ad
324 1633 358 1676 se
379 1611 523 1675 mitteret.
567 1610 762 1692 colloquendi
785 1609 913 1675 Caesari
935 1633 1031 1677 causa
1050 1614 1119 1678 risa
1153 1672 1156 1677 ,

99 1717 245 1784 nonest,
268 1716 299 1770 et
316 1727 352 1771 eo
370 1705 485 1790 magis,
512 1704 596 1788 quod
613 1704 711 1788 pridie
734 1705 800 1769 eius
822 1705 884 1770 diei
902 1703 1053 1772 Germani
1069 1730 1119 1771 re-

100 1802 194 1866 tineri
210 1822 273 1866 non
289 1809 440 1885 poterant,
459 1798 535 1882 quin
552 1798 583 1862 in
601 1808 724 1863 nostros
743 1798 804 1864 tela
822 1800 1007 1865 conicerent.
1033 1800 1119 1886 lega-

100 1908 170 1959 tum
188 1917 227 1959 ex
245 1895 310 1959 suis
329 1915 398 1959 sese
415 1914 531 1978 magno
553 1913 626 1956 cum
642 1892 781 1978 periculo
799 1893 839 1957 ad
861 1915 933 1958 eum
950 1894 1118 1959 missurum

100 2000 133 2054 et
151 1987 329 2054 bominibus
346 1987 421 2052 seris
439 1986 633 2051 obiecturum
654 1987 861 2052 existimabat.
905 1989 1119 2053 commodissi-

99 2105 189 2147 mum
210 2083 314 2147 risum
335 2092 396 2158 est,
424 2079 540 2146 Gaium
561 2079 722 2145 Valerium
744 2080 928 2159 Procillum,
956 2082 993 2147 C.
1011 2081 1119 2147 Valeri

101 2175 223 2243 Caburi
239 2175 347 2254 filium,
366 2197 488 2240 summa
505 2175 617 2239 virtute
631 2184 662 2239 et
673 2173 864 2240 humanitate
878 2175 1117 2254 adulescentem,

100 2270 192 2336 cuius
213 2280 343 2357 patera
360 2266 442 2335 Gaio
458 2268 585 2334 Valerio
606 2268 721 2333 Flacco
743 2269 865 2334 civitate
888 2269 1020 2335 donatus
1042 2281 1117 2347 erat,

100 2375 134 2431 et
157 2374 285 2450 propter
309 2364 403 2429 fidem
430 2372 461 2428 ct
486 2372 611 2449 propter
635 2362 760 2449 linguae
783 2360 922 2428 Gallicae
948 2364 1117 2439 scientiam,

98 2481 165 2542 qua
180 2457 280 2522 multa
296 2457 359 2522 iam
375 2455 554 2522 Ariovistus
577 2455 746 2542 longinqua
767 2458 990 2522 consuetudine
1011 2458 1119 2523 uteba-

99 2563 161 2629 tur,
179 2562 212 2616 et
228 2551 313 2636 quod
329 2551 362 2615 in
379 2573 417 2615 eo
430 2551 580 2635 peccandi
594 2547 759 2615 Germanis
775 2573 871 2615 causa
887 2574 950 2616 non
968 2562 1059 2630 esset,
1078 2553 1119 2616 ad

100 2669 174 2712 eum
192 2645 327 2723 mittere,
346 2656 377 2710 et
393 2645 440 2709 M.
454 2644 601 2722 Metium,
620 2645 673 2728 qui
691 2644 825 2729 hospitio
842 2644 994 2710 Ariovisti
1011 2645 1119 2710 uteba-

101 2751 161 2805 tur.
198 2739 248 2805 his
265 2739 432 2816 mandarit,
451 2750 494 2816 ut,
514 2760 593 2822 quae
611 2738 726 2802 diceret
743 2738 932 2815 Ariovistus,
951 2760 1120 2824 cognosce-

99 2844 228 2900 tentet
254 2833 295 2899 ad
321 2855 355 2898 se
380 2832 538 2898 referrent.
582 2855 662 2917 quos
689 2855 760 2897 cum
786 2832 870 2917 apud
896 2854 930 2896 se
950 2834 983 2896 in
1010 2833 1119 2896 castris

100 2928 282 2994 Ariovistus
308 2928 535 3012 conspexisset,
563 2927 700 2992 exercitu
727 2948 784 2991 suo
810 2936 973 3011 praesente
999 2925 1121 2991 concla-

100 3023 213 3088 mavit:
230 3021 308 3106 quid
320 3023 360 3086 ad
374 3044 408 3086 se
422 3023 579 3087 venirent?
601 3045 640 3086 an
655 3020 835 3106 speculandi
850 3021 964 3085 causa?
980 3020 1119 3085 conantis

100 3116 206 3182 dicere
221 3114 380 3201 prohibuit
397 3126 428 3180 et
444 3117 476 3180 in
495 3126 619 3181 catenas
637 3114 776 3180 coniecit.

164 3209 290 3275 Eodem
307 3210 357 3273 die
375 3219 476 3275 castra
493 3210 647 3295 promorit
664 3221 695 3274 et
712 3208 837 3274 milibus
856 3232 1006 3294 passuum
1028 3231 1084 3274 sex
1101 3232 1120 3273 a
1138 3226 1169 3274 48

102 3304 250 3372 Caesaris
268 3307 378 3372 eastris
401 3305 587 3371 submonte
610 3306 758 3375 consedit.
802 3305 952 3390 postridie
974 3305 1041 3369 cius
1059 3304 1120 3368 dici

100 3412 225 3487 praeter
252 3409 354 3465 castra
375 3398 520 3465 Caesaris
547 3422 620 3465 suas
647 3400 752 3484 copias
779 3399 914 3463 traduxit
939 3410 970 3463 et
996 3398 1120 3462 milibus

100 3516 255 3580 passuum
276 3493 399 3559 duobus
421 3495 504 3559 ultra
525 3517 598 3559 eum
620 3505 722 3558 castra
747 3493 821 3557 fecit
843 3515 881 3557 co
907 3492 1048 3568 consilio,
1075 3492 1120 3554 uti

101 3589 261 3654 frumento
277 3599 522 3673 commeatuque,
541 3589 652 3672 quiex
671 3586 825 3671 Sequanis
843 3597 874 3650 et
887 3586 1028 3650 Haeduis
1047 3608 1121 3669 sup-

101 3692 287 3769 portaretur,
302 3681 471 3748 Caesarem
479 3682 704 3747 intercluderet.
729 3703 768 3744 cx
777 3703 814 3744 eo
823 3680 872 3744 dic
882 3681 948 3743 dics
959 3679 1120 3743 continuos

101 3778 240 3862 quinque
259 3774 379 3861 Caesar
394 3798 451 3862 pro
469 3777 578 3841 castris
597 3798 670 3840 suas
689 3775 794 3860 copias
812 3774 958 3859 produxit
975 3783 1005 3836 et
1023 3773 1121 3835 aciem

101 3873 287 3937 instructam
305 3870 423 3948 habuit,
442 3881 490 3948 ut,
510 3871 537 3936 si
554 3870 648 3934 vellet
665 3868 843 3933 Ariovistus
861 3867 978 3954 proelio
996 3876 1121 3930 conten-

103 3966 192 4045 dere,
219 3965 250 4031 ei
270 3974 410 4050 potestas
431 3987 494 4029 non
521 3965 652 4029 deesset.
697 3962 876 4028 Ariovistus
902 3961 951 4025 his
978 3959 1120 4024 omnibus

103 4060 214 4127 diebus
233 4059 404 4124 exercitum
422 4060 531 4125 castris
550 4059 709 4136 continuit,
728 4058 863 4141 equestri
880 4055 995 4141 proelio
1010 4054 1121 4119 cotidie

103 4154 271 4221 contendit
295 4151 404 4219 Genus
422 4153 482 4218 hoc
499 4165 565 4218 crat
581 4175 715 4240 pugnae,
734 4175 796 4235 quo
815 4174 849 4215 se
868 4150 1016 4216 Gennani
1035 4172 1122 4213 exer-

102 4258 241 4315 cuerant
264 4248 403 4332 equitum
420 4249 506 4313 milia
522 4258 609 4313 crant
627 4270 691 4324 sex,
710 4247 838 4311 totidem
855 4268 984 4309 numero
1001 4244 1120 4330 pedites

101 4341 293 4408 velocissimi
310 4363 347 4407 ac
364 4340 539 4418 fortissimi,
561 4363 640 4424 quos
662 4363 701 4405 ex
719 4341 802 4404 omni
822 4340 910 4424 copia
928 4338 1042 4425 singuli
1059 4339 1122 4402 sin-

101 4437 195 4524 gulos
218 4458 295 4502 suae
316 4436 425 4502 salutis
448 4459 543 4501 causa
565 4435 755 4521 delegerant:
782 4457 852 4498 curn
874 4434 922 4497 his
944 4435 976 4497 in
997 4433 1120 4518 procliis

102 4530 317 4597 versabantur.
340 4530 382 4596 ad
394 4529 452 4595 hos
466 4553 500 4595 sc
514 4530 633 4614 equites
647 4527 849 4613 recipiebant:
867 4527 909 4603 hi,
929 4527 954 4591 si
968 4527 1041 4610 quid
1057 4536 1121 4590 erat

101 4627 227 4706 durius,
260 4625 497 4693 concurrebant:
533 4625 560 4691 si
586 4624 639 4708 qui
670 4623 811 4710 graviore
841 4621 967 4687 vulnere
994 4630 1120 4705 accepto
