2692 5206
457 819 574 877 coum.
592 822 614 875 1.
632 821 750 876 40-41.
1072 808 1112 871 21

87 944 297 1010 diuturnitate
314 943 388 1009 belli
405 945 583 1031 defetigatis
603 942 703 1009 Gallis
721 944 926 1022 Ariovistum,
946 966 1017 1009 eum
1035 945 1115 1009 mul-

87 1048 141 1103 tos
169 1058 295 1101 menses
322 1039 432 1104 castris
455 1060 489 1103 se
516 1062 553 1103 ae
580 1038 746 1123 paludibus
769 1039 919 1103 tenuisset
941 1062 1043 1122 neque
1065 1040 1114 1102 sui

88 1141 281 1217 potestatem
299 1131 439 1208 fecisset,
462 1133 663 1217 desperantes
682 1133 745 1196 iarn
763 1133 801 1196 de
823 1155 930 1217 pugna
947 1143 978 1197 et
995 1133 1114 1218 disper-

90 1249 148 1293 sos
171 1226 276 1292 subito
298 1228 441 1292 adortum
464 1228 564 1313 magis
586 1228 706 1292 ratione
730 1239 760 1292 et
782 1228 911 1294 consilio
937 1251 1032 1313 quarn
1052 1230 1114 1294 vir-

91 1332 162 1386 tute
182 1321 305 1386 vicisse.
349 1322 400 1386 eui
422 1322 533 1386 rationi
554 1332 661 1387 eontra
682 1322 824 1387 homines
846 1322 995 1388 barbaros
1021 1333 1114 1406 atque

90 1415 256 1500 imperitos
280 1414 369 1480 locus
394 1415 520 1492 fuisset,
551 1415 610 1480 hue
636 1438 676 1480 nc
702 1417 806 1500 ipsum
836 1418 963 1499 quidem
990 1441 1113 1503 sperare

92 1522 219 1576 nosnos
242 1510 395 1574 exereitus
417 1511 486 1594 eapi
508 1532 611 1595 posse.
656 1511 711 1592 qui
733 1533 825 1575 suum
848 1511 991 1576 timorem
1013 1513 1045 1575 in
1070 1513 1113 1577 rei

91 1604 315 1669 frumentariae
341 1603 568 1668 simulationem
594 1605 818 1690 angustiasque
849 1605 967 1670 itineris
994 1606 1130 1684 confer-¹

91 1707 177 1775 rent,
204 1696 308 1763 faeere
330 1710 524 1784 arroganter,
552 1720 624 1762 eum
646 1708 698 1762 aut
722 1699 761 1763 de
788 1698 893 1764 officio
919 1700 1114 1785 imperatoris

92 1794 262 1879 desperare
291 1804 345 1858 aut
374 1794 585 1879 praescribere
616 1794 805 1859 viderentur.
849 1794 928 1859 hace
959 1795 1019 1860 sibi
1045 1818 1115 1861 esse

93 1910 202 1965 curac3
220 1887 410 1952 frumentum
429 1886 604 1972 Sequanos,
623 1889 764 1965 Leucos,
783 1888 946 1974 Lingones
965 1889 1115 1954 submini-

92 1994 207 2058 strare,
233 1982 357 2066 iamque
375 2005 445 2047 esse
462 1984 495 2047 in
512 1983 596 2068 agris
615 1983 771 2047 frumenta
788 1994 923 2060 matura3
950 1984 989 2047 de
1006 1984 1114 2048 itinere

91 2077 180 2162 ipsos
198 2075 286 2141 brevi
302 2088 442 2162 tempore
460 2077 659 2142 iudicaturos.
690 2077 775 2160 quod
792 2100 855 2142 non
872 2078 939 2143 fore
957 2079 1040 2144 dicto
1059 2103 1114 2143 au-

91 2170 214 2236 dientes
232 2170 345 2235 milites
363 2193 464 2255 neque
482 2172 573 2257 signa
589 2172 680 2235 laturi
698 2173 852 2249 dicantur,
878 2172 954 2237 nihil
973 2197 1007 2239 sc
1025 2196 1063 2238 ca
1079 2198 1113 2239 re

91 2265 296 2330 commoveri:
316 2265 394 2330 scire
412 2267 505 2343 enim,
523 2266 771 2350 quibuscumque
790 2268 943 2332 exercitus
961 2268 1045 2332 dicto
1058 2292 1113 2333 au-

91 2358 182 2424 diens
201 2382 265 2424 non
281 2359 384 2437 fuerit,
403 2371 456 2425 aut
474 2361 554 2425 male
572 2383 605 2425 re
622 2371 713 2446 gesta
725 2360 881 2426 fortunam
895 2361 1042 2440 defuisse,
1060 2374 1114 2428 aut

91 2454 199 2538 aliquo
216 2455 353 2521 facinore
370 2468 529 2542 comperto
547 2457 708 2521 avaritiam
726 2478 795 2521 esse
814 2457 997 2521 convictam.
1024 2480 1113 2522 suam

90 2549 301 2614 innocentiam
318 2560 468 2636 perpetua
489 2551 568 2627 vita,
596 2550 775 2615 felicitatem
793 2550 1009 2615 Helvetiorum
1032 2550 1113 2616 bello

92 2664 164 2707 esse
181 2656 386 2729 perspectam.
415 2645 518 2728 itaque
538 2666 581 2720 so,
600 2645 684 2727 quod
701 2644 734 2707 in
751 2645 923 2730 longiorem
940 2644 1024 2707 diem
1050 2645 1113 2707 col-

92 2735 214 2801 laturus
239 2736 365 2815 fuisset,
395 2748 697 2824 repraesentaturum
728 2748 758 2801 ct
787 2738 930 2821 proxima
957 2748 1048 2801 nocto
1074 2738 1113 2800 de

90 2842 206 2913 quarta
217 2831 325 2917 uigilia
336 2841 438 2897 eastra
450 2841 617 2908 moturum,
631 2842 773 2913 utquam
787 2831 922 2915 primurn
935 2829 1113 2915 intellegere

91 2934 211 3009 posset,
229 2934 332 2988 utrum
351 2926 434 3011 apud
448 2947 501 2991 eos
515 2926 616 3010 pudor
628 2936 722 3007 atque
736 2923 884 2999 officium,
903 2946 944 2987 an
957 2923 1048 2988 timor
1060 2946 1114 2987 va-

91 3016 180 3082 leret.
224 3018 354 3101 quodsi
375 3029 535 3103 praeterea
556 3041 648 3082 nomo
671 3027 831 3101 sequatur,
859 3026 963 3081 tamen
986 3039 1020 3079 se
1043 3038 1114 3080 cum

92 3110 162 3176 sola
177 3110 300 3176 decima
316 3111 439 3198 legione
456 3112 581 3188 iturum,
600 3113 639 3176 de
652 3133 715 3195 qua
731 3134 794 3176 non
810 3110 973 3187 dubitaret,
993 3109 1114 3193 sibique

91 3226 164 3269 eam
185 3205 373 3290 praetoriam
395 3205 553 3271 eohortem
576 3205 724 3269 futuram.
768 3205 840 3268 huic
863 3204 976 3290 legioni
996 3203 1114 3268 Caesar

91 3310 126 3364 et
150 3299 322 3365 indulserat
352 3301 519 3387 praecipue
549 3312 580 3365 et
609 3310 736 3386 propter
765 3300 910 3364 virtutem
940 3298 1115 3363 confidebat

92 3395 241 3459 maxime.
284 3394 345 3460 hae
366 3396 504 3460 oratione
526 3394 633 3460 habita
654 3394 766 3458 mirum
788 3394 820 3457 in
837 3394 965 3458 modum
987 3414 1114 3458 conver·
1134 3406 1162 3450 -tt

92 3511 149 3554 sae
167 3498 240 3554 sunt
257 3490 396 3554 omnium
413 3501 543 3567 mentes,
563 3510 747 3572 summaque
761 3488 904 3552 alacritas
918 3498 948 3552 et
961 3486 1114 3572 cupiditas

92 3582 169 3648 belli
185 3583 315 3669 gerendi
332 3583 438 3647 innata
454 3594 512 3660 est,
530 3584 737 3669 princepsque
754 3582 875 3646 decima
892 3581 974 3666 legio
990 3603 1046 3665 per
1063 3581 1115 3642 tri-

91 3676 197 3743 bunos
215 3676 348 3740 militum
366 3677 395 3741 ci
412 3676 528 3763 gratias
547 3677 625 3762 ogit,
651 3676 736 3759 quod
753 3676 793 3739 de
811 3698 845 3741 se
867 3675 1017 3759 optimum
1036 3673 1116 3736 iudi-

92 3771 179 3835 cium
191 3770 329 3847 fecisset,
345 3792 441 3854 seque
454 3793 524 3835 esse
534 3772 573 3835 ad
581 3770 699 3835 bellum
708 3770 878 3855 gerendum
886 3767 1114 3853 paratissimam

92 3864 297 3929 confirmarit.
324 3865 437 3929 deinde
454 3865 590 3949 reliquae
602 3864 742 3950 legiones
757 3887 813 3949 per
826 3862 965 3927 tribunos
983 3860 1114 3924 militum

93 3968 127 4022 ct
141 3959 313 4045 primorum
331 3960 474 4024 ordinum
492 3959 687 4024 centuriones
706 3967 845 4043 egerunt,
864 3958 909 4019 uti
924 3954 1052 4020 Caesari
1066 3977 1115 4019 sa-

93 4053 288 4119 tisfacerent:
314 4076 350 4119 se
370 4076 471 4138 neque
493 4076 641 4137 umquam
664 4052 824 4118 dubitasse
846 4073 949 4134 neque
975 4049 1115 4113 timuisse

93 4168 197 4232 neque
222 4146 263 4212 de
284 4170 408 4215 summu
432 4147 507 4213 belli
532 4171 624 4213 suum
649 4146 813 4222 iudicium,
841 4146 897 4210 sed
922 4145 1114 4229 imperatoris

93 4264 175 4318 esse,
194 4240 432 4307 existimavisse.
460 4264 566 4307 eorum
585 4241 796 4306 satisfactione
815 4250 943 4324 aeccpta
960 4250 991 4303 et
1007 4239 1115 4303 itinere

92 4336 251 4419 exquisito
267 4358 325 4421 per
335 4336 539 4413 Divitiacum,
557 4335 642 4419 quod
660 4357 699 4399 ex
717 4334 785 4399 aliis
799 4335 827 4397 ci
840 4334 1009 4398 maximam
1021 4333 1115 4397 fidctn

92 4428 245 4506 habebat,
273 4440 308 4494 ut
328 4429 448 4494 milium
470 4429 604 4514 amplius
630 4429 857 4514 quinquaginta
882 4428 1012 4493 circuitu
1038 4428 1114 4493 locis

92 4524 210 4610 apertis
229 4524 400 4589 exercitum
421 4524 561 4600 duceret,
588 4524 628 4588 do
649 4532 760 4607 quarta
782 4522 901 4608 vigilia,
929 4534 963 4586 ut
984 4522 1114 4597 dixerat,

92 4617 255 4705 profectus
277 4628 335 4684 est.
385 4618 517 4705 septimo
538 4618 603 4695 die,
630 4639 703 4683 eum
723 4617 782 4681 iter
802 4640 865 4682 non
891 4617 1113 4691 intermitteret,
