2692 5206
443 807 560 865 GOle.
576 809 644 865 1111.
661 809 776 865 32—3'1.
1073 796 1115 862 69

89 930 314 998 lacessendum
336 931 425 997 etad
442 934 697 999 committendum
714 932 866 1020 proelium
889 934 1025 1000 alienum
1046 956 1116 1000 esse

91 1039 222 1112 tempus
239 1025 406 1092 arbitratus
428 1049 486 1092 suo
508 1050 543 1093 sc
564 1027 633 1093 loco
651 1027 803 1093 continuit
819 1037 851 1092 et
867 1027 955 1094 brevi
977 1040 1116 1115 tempore

90 1120 273 1186 intermisso
295 1120 329 1185 ia
350 1130 452 1186 castra
471 1121 611 1208 legiones
633 1123 765 1187 reduxit
810 1122 885 1187 dum
907 1122 985 1189 haec
1002 1146 1117 1211 gerun-

93 1222 162 1292 tur,
183 1214 300 1280 nesbis
318 1214 462 1281 omnibus
481 1216 640 1301 occupatis
662 1216 716 1299 qui
738 1234 825 1281 erant
846 1216 880 1280 in
900 1218 984 1303 agris
1005 1217 1116 1301 reliqui

93 1307 318 1373 discesserunt
349 1319 473 1375 secutae
491 1320 564 1374 sunt
581 1310 743 1375 continuos
761 1310 936 1395 complures
954 1311 1021 1377 dies
1039 1322 1118 1376 tem-

93 1412 248 1487 pestates,
274 1424 356 1487 quae
373 1413 404 1467 et
420 1412 543 1469 nostros
561 1404 594 1468 in
611 1405 720 1469 castris
738 1404 931 1470 continerent
947 1416 979 1470 et
994 1405 1117 1473 hostem

94 1520 115 1561 a
136 1518 245 1583 pugna
266 1496 473 1583 prohiberent.
516 1498 640 1564 interim
661 1498 786 1565 barbari
806 1500 931 1565 nuntios
954 1500 987 1564 in
1008 1522 1116 1566 omnes

93 1602 202 1675 partes
223 1590 407 1656 dimiserunt
427 1592 677 1678 paucitatemque
698 1603 875 1658 nostrorum
896 1593 1029 1658 militum
1051 1593 1117 1658 suis
1160 1643 1163 1648 »

94 1684 354 1770 praedicaverint
370 1696 410 1763 et,
428 1697 545 1769 quanta
561 1686 696 1771 praedae
713 1686 875 1752 faciendae
893 1696 986 1771 atque
1002 1687 1035 1752 in
1047 1709 1118 1773 per-

95 1786 227 1863 petuum
244 1779 294 1843 sui
309 1778 461 1844 liberandi
478 1780 610 1846 facultas
628 1781 766 1858 daretur,
786 1781 813 1846 si
830 1781 990 1847 Romanos
1008 1781 1117 1847 caetris

93 1871 305 1965 expulissent,
327 1873 624 1940 demonstraverunt.
667 1874 718 1941 his
735 1874 829 1941 rebus
847 1875 987 1941 celeriter
1003 1898 1119 1961 magna

94 1965 295 2031 multitudine
311 1968 467 2053 peditatus
485 1969 704 2053 equitatusque
722 1981 830 2035 coacta
847 1969 887 2034 ad
904 1979 1008 2035 eastra
1023 1992 1118 2034 venc-

93 2070 179 2125 runt
224 2058 357 2139 Cacsar,
381 2062 440 2127 etsi
456 2062 554 2141 idem,
577 2065 661 2148 quod
679 2063 890 2150 superioribus
908 2063 1019 2129 diebus
1037 2064 1119 2128 aeci·
1136 2080 1169 2131 ³5

94 2154 199 2231 duat,
224 2153 293 2219 fore
311 2154 449 2234 videbat,
476 2165 525 2234 ut,
548 2156 575 2222 si
592 2167 697 2222 essent
713 2157 819 2223 hostes
836 2157 934 2244 pulsi,
961 2156 1118 2222 celeritate

93 2247 269 2335 periculum
287 2249 469 2337 effugerent,
488 2261 593 2315 tumen
605 2261 715 2317 nactus
729 2252 849 2336 equites
863 2250 985 2317 circiter
996 2250 1116 2328 XXX,

93 2364 176 2427 quos
194 2340 360 2409 Commius
377 2343 528 2423 Atrebas,
555 2345 594 2409 dc
612 2368 675 2430 quo
692 2356 762 2412 ante
781 2347 898 2411 dictum
920 2356 982 2424 est,
1010 2367 1117 2411 secum

93 2446 371 2523 uansportaverat,
402 2438 543 2526 legiones
571 2439 603 2503 in
629 2441 696 2506 acie
721 2463 778 2527 pro
809 2441 918 2506 castris
945 2440 1114 2505 constituit.

93 2531 267 2597 commisso
296 2532 414 2618 proelio
443 2534 560 2599 diutius
590 2544 766 2600 nostrorum
798 2535 931 2599 militum
966 2535 1117 2621 impetum

29 2684 34 2691 .
92 2624 204 2691 hostes
220 2625 303 2691 ferre
319 2649 383 2692 non
399 2639 566 2713 potuerunt
584 2651 621 2694 ae
638 2640 726 2715 terga
743 2639 908 2692 verterunt.
936 2649 1016 2712 quos
1030 2639 1117 2692 tanto

92 2718 199 2805 spatio
216 2720 323 2798 secuti,
343 2732 494 2805 quantum
513 2744 606 2788 cursu
619 2733 651 2787 et
668 2722 786 2787 viribus
800 2721 923 2787 efficere
941 2730 1117 2807 potueruut,

92 2812 272 2901 complures
290 2815 381 2879 exiis
395 2817 583 2895 occiderunt,
602 2818 715 2881 deinde
728 2815 873 2881 omnibus
886 2816 982 2900 longa
994 2813 1118 2897 lateque

92 2906 246 2972 aedificiis
262 2908 398 2975 incensis
416 2932 450 2975 sc
468 2911 501 2974 in
518 2922 620 2976 castra
636 2920 832 2996 receperunt.
877 2909 987 2974 codem
1005 2908 1056 2972 die
1072 2907 1119 2972 le·
1136 2927 1168 2975 oo

91 3001 161 3087 gari
177 2999 219 3066 ab
232 3001 376 3067 hostibus
388 3003 477 3068 missi
490 3004 530 3069 ad
545 3003 714 3071 Caesarem
728 3004 768 3067 de
784 3024 862 3088 pace
880 3012 1040 3066 venerunt.
1067 3000 1117 3065 his

93 3094 217 3162 Caesar
232 3119 396 3162 numerum
414 3099 573 3177 obsidum,
596 3123 690 3184 quem
708 3109 801 3164 antea
817 3099 1037 3183 imperaverat,
1060 3095 1119 3159 du·

92 3190 224 3276 plicavit
244 3213 361 3275 eosque
381 3194 415 3256 in
437 3194 645 3259 continentem
673 3193 787 3258 adduci
809 3193 914 3269 iussit,
942 3192 1025 3274 quod
1047 3213 1119 3275 pro-

91 3284 215 3370 pinqua
225 3284 276 3349 die
289 3287 475 3369 aequinoctii
489 3287 618 3353 infirmis
632 3287 766 3352 navibus
780 3285 874 3350 hiemi
887 3285 1118 3371 navigationem

91 3376 310 3443 subiciendam
328 3403 390 3444 non
408 3380 615 3447 existimabat
654 3382 722 3466 ipse
739 3382 885 3445 idoneam
902 3389 1118 3465 tempestatem

90 3482 207 3537 nactus
223 3473 318 3559 paulo
334 3484 407 3558 post
424 3475 559 3540 mediam
575 3486 699 3541 noctem
717 3497 814 3540 naves
829 3474 936 3553 solvit;
954 3495 1033 3559 quae
1052 3496 1119 3536 om-

91 3588 152 3632 nes
177 3566 351 3633 incolumes
377 3569 417 3634 ad
444 3570 653 3634 continentem
678 3578 899 3655 pervenerunt3
931 3568 988 3633 sed
1014 3588 1054 3631 ex
1079 3565 1118 3628 iis

91 3660 255 3727 maurice
272 3662 353 3728 duae
375 3663 516 3740 eosdem,
543 3685 622 3746 quos
644 3663 768 3746 reliqui,
794 3676 903 3748 portus
926 3681 1038 3746 capere
1055 3680 1118 3723 non

93 3764 265 3841 potueumt
281 3766 313 3820 ct
329 3757 423 3842 paulo
440 3758 522 3822 infra
539 3757 659 3822 delatae
678 3766 760 3822 sunt.

158 3846 286 3933 Quibus
305 3872 345 3918 ex
362 3851 495 3918 navibus
513 3874 586 3916 cum
604 3860 709 3917 essent
722 3849 856 3936 expositi
870 3848 983 3913 milites
996 3846 1118 3912 cir'citer
1137 3864 1168 3912 37

92 3944 224 4011 trecenti
241 3954 336 4029 atque
352 3945 386 4009 iu
399 3955 500 4011 castra
513 3945 742 4022 contenderent,
760 3944 887 4021 Morini,
906 3965 985 4026 quos
1001 3939 1119 4005 Caesar

93 4038 129 4103 in
144 4038 341 4105 Britanniam
358 4039 559 4126 proficiscens
576 4051 703 4126 pacatos
720 4040 897 4124 reliquerat,
916 4060 972 4123 spe
985 4036 1119 4122 praedae

93 4132 222 4199 adducti
238 4134 341 4221 primo
358 4134 482 4200 nonita
504 4158 619 4222 magno
641 4158 769 4200 suorum
786 4155 916 4199 numero
939 4132 1119 4196 circumste-

95 4236 201 4292 terunt
217 4250 264 4306 ac,
283 4228 311 4293 si
328 4251 398 4295 sese
415 4229 547 4294 interfici
563 4229 695 4307 nollent,
714 4252 800 4294 arma
817 4248 933 4312 ponere
951 4226 1117 4291 iusserunt.

94 4342 170 4386 eum
186 4320 232 4387 illi
248 4321 324 4388 orbe
345 4322 429 4388 facto
452 4346 522 4389 sese
544 4322 759 4400 defenderent,
787 4321 926 4386 celeriter
947 4320 988 4385 ad
1005 4320 1120 4385 clamo-

92 4438 162 4481 rem
179 4414 343 4482 bominum
360 4417 480 4483 circiter
497 4418 583 4483 milia
599 4441 656 4483 sex
673 4426 892 4483 convenerunt.
920 4438 982 4499 qua
994 4438 1027 4479 re
1041 4438 1120 4478 nun-

93 4511 174 4577 tiata
183 4509 303 4577 Caesar
315 4534 440 4578 omnem
453 4536 494 4578 ex
506 4514 615 4578 castris
630 4513 801 4597 equitatum
816 4511 880 4577 suis
895 4510 1011 4576 auxilio
1024 4508 1118 4572 misit.

93 4606 221 4673 interim
237 4606 335 4673 nostri
352 4607 465 4673 milites
479 4607 630 4693 impetum
647 4607 783 4674 hostium
801 4607 1014 4672 sustinuerunt
1026 4612 1119 4685 atquc
