2738 5272
232 649 297 716 336
582 658 699 714 BELLI
716 657 901 716 armentu

230 785 417 850 necessitate
438 782 537 849 eoacti
559 784 697 848 veterani
718 783 831 848 milites
852 781 1060 867 equitesque,
1091 786 1154 869 qui
1177 785 1275 853 mults

230 878 467 961 terminarique
485 876 567 943 bella
584 877 791 942 confecissent
808 887 839 941 et
855 877 1002 962 perieulis
1020 878 1209 964 inopiaque
1223 880 1273 945 tali

231 995 325 1058 saepe
342 983 447 1037 essent
464 970 639 1046 conflictati,
658 971 730 1056 algn
747 993 764 1035 e
782 971 870 1035 litore
887 969 1020 1035 colleeta
1033 980 1070 1037 et
1084 994 1178 1057 aqua
1190 974 1272 1039 dulei

230 1067 314 1131 eluta
330 1077 362 1131 et
378 1067 422 1130 ita
439 1065 585 1129 iumentis
608 1065 815 1130 esurientibus
837 1065 910 1129 data
931 1064 1031 1129 vitam
1057 1088 1179 1132 eorum
1202 1091 1272 1155 pro-

178 1181 212 1229 25
229 1159 395 1226 ducebant.
422 1181 494 1223 cum
512 1158 590 1222 haee
602 1158 646 1222 ita
658 1158 775 1235 fierent,
794 1181 850 1223 rex
861 1157 943 1224 Iuba
955 1160 1100 1245 cognitis
1116 1160 1271 1227 Caesaris

229 1252 464 1319 difficadtatibus
487 1252 707 1336 copiarumque
728 1253 883 1338 paucitate
904 1275 968 1317 non
989 1264 1041 1318 est
1065 1255 1182 1321 visum
1205 1256 1271 1322 dari

229 1350 363 1435 spatium
382 1346 618 1412 convalescendi
636 1348 910 1432 augendarumque
929 1347 995 1412 eius
1014 1369 1131 1432 opum.
1162 1351 1271 1434 itaque

229 1442 415 1529 comparatis
443 1441 581 1523 equitum
607 1441 730 1525 magnis
756 1441 958 1525 peditumque
984 1442 1092 1526 copiis
1122 1444 1270 1511 subsidio

229 1538 294 1602 suis
313 1557 458 1621 egressus
477 1557 494 1597 c
511 1556 609 1619 regno
626 1535 670 1599 ire
689 1535 853 1599 contendit.
889 1533 927 1598 P.
947 1531 1065 1601 Sittius
1085 1537 1224 1603 interim
1240 1551 1270 1603 et

227 1654 284 1696 rex
305 1629 451 1694 Bocchus
478 1628 649 1693 coniunctis
676 1628 740 1693 suis
767 1629 865 1712 copiis
892 1628 1017 1713 cognito
1044 1631 1141 1716 regis
1166 1631 1269 1697 Iubae

228 1747 358 1810 egressu
375 1722 503 1808 propius
521 1721 588 1786 eius
606 1742 738 1807 regnam
756 1721 862 1806 copias
880 1743 953 1786 suas
971 1721 1170 1802 mutavere,
1196 1726 1267 1792 Cir·

228 1830 362 1900 tamque,
381 1815 530 1900 oppidum
548 1816 818 1899 opulentissinuun
832 1815 898 1880 eius
912 1815 1010 1900 regni,
1030 1817 1174 1885 adortus
1189 1843 1269 1906 pau·

228 1914 273 1978 cis
283 1911 393 1977 diebus
407 1910 575 1996 pugnando
589 1911 671 1994 capit
684 1921 715 1974 ct
728 1919 886 1994 praetereo
899 1910 961 1974 duo
975 1911 1098 1995 oppida
1109 1910 1270 1980 Gaetulo-

227 2029 311 2082 rum3
329 2003 442 2087 quibus
456 2025 527 2066 eam
542 2003 753 2067 condicionem
768 2004 871 2079 ferret,
890 2015 924 2066 ut
938 2004 1055 2087 oppido
1065 2008 1270 2073 excederent

227 2100 320 2182 idque
331 2096 390 2162 sibi
404 2117 536 2159 vacuum
550 2097 713 2172 traderent,
733 2097 1006 2179 condicionemque
1020 2101 1268 2182 repudiassent,

226 2202 337 2277 postea
358 2189 397 2255 ab
420 2211 457 2254 co
482 2189 564 2274 capti
587 2190 802 2273 interfectique
826 2201 898 2255 sunt
920 2213 1039 2256 omncs.
1087 2193 1172 2260 inde
1195 2220 1270 2282 pro-

226 2306 355 2371 gressus
373 2304 466 2368 agros
480 2283 655 2367 oppidaque
669 2306 782 2348 vexare
796 2307 858 2348 non
871 2283 996 2348 destitit
1025 2285 1154 2367 quibus
1169 2290 1269 2355 rebus

227 2380 359 2465 cognitis
377 2378 466 2454 Iuba,
485 2379 635 2442 cumiani
653 2402 715 2442 non
732 2380 825 2464 longe
843 2378 883 2443 ab
903 2378 1050 2464 Scipione
1069 2394 1178 2467 atque
1198 2389 1269 2451 eius

226 2473 358 2538 ducibus
377 2471 516 2549 abesset,
540 2473 623 2557 capit
641 2473 818 2549 eonsilium,
847 2473 943 2536 satius
961 2495 1031 2536 csse
1051 2474 1118 2540 sibi
1140 2501 1269 2564 suoque

225 2589 322 2653 regno
340 2565 479 2631 subsidio
497 2567 550 2642 ire,
569 2589 677 2649 quam,
701 2567 776 2630 dum
794 2566 872 2630 alios
891 2566 1052 2632 adiuturus
1070 2572 1269 2652 proficisce-

225 2674 322 2738 retur,
346 2660 413 2746 ipso
433 2682 490 2725 suo
508 2683 604 2751 regno
622 2660 771 2745 expulsus
789 2659 920 2724 forsitan
937 2671 1067 2742 utraque
1089 2685 1131 2727 re
1152 2667 1269 2752 expel-

225 2754 348 2819 leretur.
387 2753 491 2836 itaque
509 2775 615 2817 rursus
635 2776 668 2818 se
685 2753 830 2837 recipere,
850 2764 942 2835 atque
961 2753 1077 2817 auxilia
1095 2757 1206 2824 etiam
1225 2761 1268 2825 ab

227 2847 375 2933 Scipione
393 2846 523 2911 abduxit
540 2846 598 2911 sibi
619 2847 745 2930 suisque
763 2846 855 2910 rebus
878 2847 989 2911 timens
1012 2846 1267 2938 elephantisque

226 2941 336 3005 XXX
354 2940 468 3004 relictis
487 2940 552 3004 suis
570 2940 684 3005 finibus
703 2940 887 3024 oppidisque
910 2940 1069 3025 suppetias
1087 2946 1266 3025 profectus

173 3055 205 3101 26
226 3046 282 3099 est.
329 3032 448 3097 Caesar
473 3033 610 3109 interim,
638 3055 709 3097 cum
736 3034 775 3097 de
802 3056 859 3096 suo
882 3033 1017 3096 adventu
1039 3033 1208 3104 dubitatio
1231 3042 1265 3105 in

224 3127 384 3214 provincia
402 3138 498 3201 esset,
518 3148 619 3207 neque
636 3127 802 3209 quisquam
820 3127 958 3190 erederet
976 3127 1094 3210 ipsum,
1120 3133 1185 3197 sed
1205 3134 1266 3198 ali-

224 3243 318 3303 quem
335 3219 473 3305 logatum
490 3220 522 3282 in
540 3218 681 3284 Africam
700 3242 770 3283 eum
789 3221 886 3304 copiis
905 3221 1042 3296 venisse,
1062 3227 1263 3312 conscriptis

224 3314 333 3378 litteris
360 3314 476 3378 circum
502 3314 693 3398 provinciam
720 3337 827 3378 omncs
851 3315 991 3379 civitates
1018 3316 1095 3379 facit
1122 3319 1170 3383 de
1199 3345 1261 3386 suo

225 3409 361 3473 adventu
382 3408 536 3472 certiores.
580 3408 702 3472 interim
725 3407 845 3473 nobiles
868 3408 1009 3473 homines
1036 3431 1076 3473 ex
1099 3413 1172 3478 suis
1201 3438 1261 3500 op-

223 3503 305 3589 pidis
327 3502 492 3588 profugere
515 3516 545 3567 ct
566 3504 599 3567 in
621 3514 722 3568 eastra
741 3503 885 3568 Caesaris
909 3505 1053 3569 devenire
1076 3516 1107 3569 et
1130 3508 1177 3573 de
1201 3512 1261 3575 sd-

223 3598 431 3662 versariorum
453 3599 520 3663 eius
543 3599 723 3663 crudelitate
745 3597 972 3681 acerbitateque
1000 3622 1258 3669 commemorare

223 3703 400 3777 coeperunt.
436 3714 566 3774 quorum
580 3693 715 3758 lacrimis
728 3693 923 3775 querelisque
938 3691 1057 3757 Caesar
1069 3710 1258 3763 commotus

223 3808 294 3849 eum
313 3797 404 3849 antea
421 3786 632 3850 constituisset
649 3809 666 3850 e
685 3786 805 3849 stativis
823 3786 932 3849 castris
946 3796 1063 3850 aestate
1078 3786 1159 3851 inita
1175 3812 1257 3854 cun-

223 3880 281 3942 ctis
299 3879 396 3962 copiis
419 3879 603 3962 auxiliisque
626 3880 732 3943 accitis
752 3926 854 3941 ......
874 3878 989 3941 bellum
1012 3902 1083 3942 cum
1103 3880 1174 3945 suis
1196 3885 1253 3947 ud-

223 3973 367 4036 versariis
394 3994 501 4057 gerere
526 3973 660 4037 instituit
685 3973 856 4054 litterisque
883 3973 1023 4037 celeriter
1045 3973 1078 4036 in
1103 3971 1255 4042 Siciliam

224 4067 265 4130 ad
282 4065 432 4129 Alienum
450 4078 480 4130 et
497 4066 660 4131 Rabirium
677 4066 864 4130 Postumum
886 4067 1068 4151 conscriptis
1087 4089 1145 4151 per
1164 4088 1256 4136 cata-

224 4182 352 4243 scopum
371 4160 478 4237 mittit,
505 4171 539 4224 ut
557 4162 624 4225 sine
647 4184 733 4224 mora
750 4182 787 4224 ae
808 4160 893 4223 nulla
915 4161 1113 4224 excusatione
1133 4162 1254 4231 hiemis

224 4261 447 4336 ventorumque
469 4277 562 4338 quam
586 4255 744 4318 celerrime
761 4254 915 4318 exercitus
938 4253 997 4318 sibi
1021 4266 1256 4339 transportare·

224 4358 287 4408 tur:
309 4345 451 4410 Africam
469 4349 657 4431 provinciam
676 4349 775 4432 perire
791 4349 993 4431 funditusque
1011 4350 1107 4412 everti
1123 4350 1165 4414 ab
1180 4355 1253 4431 suis

224 4438 370 4515 iuimicis3
389 4441 545 4523 quodnisi
560 4442 698 4506 celeriter
706 4443 798 4507 sociis
812 4442 890 4505 foret
905 4441 1101 4511 subventum.
1122 4461 1254 4527 praeter
