2738 5272
293 716 355 781 388
606 725 722 780 BELLI
741 723 1007 781 HISPANIENSIS

292 850 525 938 propellendum
543 849 748 934 processisset
765 871 837 912 cum
851 847 958 931 copiis,
978 847 1101 933 signum
1116 869 1138 910 a
1150 846 1324 913 Lusitanis

293 946 422 1020 tollitur,
449 966 546 1007 naves
564 943 783 1018 incenduntur,
807 941 975 1023 simulque,
998 941 1051 1025 qui
1070 964 1109 1005 ex
1127 941 1266 1005 castello
1283 940 1324 1005 ad

292 1061 429 1123 pugnam
439 1047 664 1121 processerant,
679 1036 788 1099 codem
804 1036 904 1120 signo,
920 1035 1075 1120 fugientes
1087 1034 1231 1099 latrones
1246 1035 1323 1098 (lum

292 1141 532 1216 persequuntur,
555 1155 575 1194 a
592 1140 680 1215 tergo
698 1129 829 1192 insidiae
846 1128 980 1192 clamore
1003 1128 1125 1192 sublato
1144 1129 1324 1192 circumve·

293 1225 389 1288 niunt.
416 1224 533 1287 Didius
551 1245 754 1309 magnacum
773 1223 885 1286 virtute
903 1245 975 1285 oum
993 1222 1206 1306 compluribus
1227 1223 1323 1286 inter·

293 1318 407 1395 ficitur3
430 1317 569 1382 nonnulli
587 1341 624 1382 ea
642 1340 749 1402 pugna
767 1316 913 1400 scaphas,
933 1339 1012 1399 quac
1031 1317 1072 1380 ad
1089 1317 1163 1381 litus
1183 1317 1322 1392 fuerant,

293 1421 460 1495 occupant,
487 1411 561 1474 item
581 1411 755 1495 complures
778 1411 881 1473 nando
899 1411 939 1473 nd
961 1433 1072 1485 nares,
1099 1409 1236 1492 quaein
1256 1410 1322 1474 salo

293 1505 426 1578 fuerunt,
446 1526 479 1566 so
497 1504 658 1588 recipiunt,
678 1504 799 1567 ancoris
815 1502 944 1567 sublatis
959 1503 1088 1588 pelagus
1102 1504 1198 1567 remis
1213 1515 1323 1587 petere

292 1610 473 1683 coeperunt3
496 1621 643 1681 quaeres
663 1620 769 1661 eorum
792 1599 873 1661 vitae
892 1598 949 1661 suit
974 1598 1122 1661 subsidio.
1169 1599 1322 1662 Lusitani

293 1693 408 1777 praeda
434 1693 601 1776 potiuntur.
648 1690 767 1756 Caesar
789 1689 933 1756 Gadibus
960 1714 1067 1755 rursus
1094 1692 1134 1755 ad
1157 1692 1323 1777 Hispalim

244 1809 271 1854 41
294 1787 429 1852 recurrit.
473 1787 591 1852 Fabius
613 1786 788 1862 Maximus,
816 1810 909 1870 quem
935 1787 974 1850 ad
997 1787 1150 1850 Mundam
1181 1786 1323 1872 [praesi-

293 1879 393 1965 dium]
414 1881 655 1966 oppugnandam
673 1881 848 1963 reliquerat,
868 1881 1013 1965 operibus
1027 1881 1163 1944 assiduis
1183 1881 1323 1945 *lurnis-

293 1997 354 2058 que
376 1975 491 2037 circum
515 1997 549 2037 se
571 1973 745 2037 interclusis
768 1974 847 2037 inter
870 1998 903 2037 se
926 1975 1090 2038 decemero
1114 1973 1200 2038 sacta
1223 1976 1322 2038 caede

293 2067 372 2131 bene
391 2090 506 2151 magna
523 2066 674 2130 faciunt'.
718 2068 815 2130 nostri
839 2067 879 2130 ad
901 2068 1049 2151 oppidum
1067 2068 1321 2151 recuperandum

294 2160 488 2224 occasionem
507 2182 570 2222 non
586 2160 835 2244 praetermittunt
855 2208 999 2224 ......
1020 2171 1050 2225 et
1071 2160 1209 2243 reliquos
1231 2162 1322 2226 sivos

294 2254 428 2337 capiunt,
447 2252 553 2315 XIIII
572 2252 665 2316 milia.
693 2251 870 2316 Ursaonem
889 2254 1138 2338 proficiscuntur3
1159 2255 1248 2337 quod
1267 2278 1322 2340 op-

294 2347 402 2430 pidum
424 2369 538 2431 magna
561 2346 730 2410 munitione
754 2347 982 2423 continebatur,
1011 2348 1204 2432 sicutipse
1231 2349 1321 2414 loeus

295 2463 357 2503 non
376 2439 476 2502 solum
495 2462 597 2523 opere,
617 2440 783 2503 sedetiam
803 2454 913 2504 natura
930 2440 1055 2505 'aditus
1074 2443 1114 2505 ad
1132 2466 1321 2528 oppugnan-

294 2536 367 2596 dum
386 2534 506 2597 hostem
526 2534 717 2619 appeteret*.
755 2535 815 2599 hue
834 2536 1010 2613 accedebat,
1030 2549 1063 2600 ut
1081 2561 1164 2620 aqna
1183 2550 1321 2622 praeter-

294 2650 387 2710 quam
404 2628 437 2690 in
454 2628 522 2712 ipso
541 2630 655 2712 oppido
680 2627 780 2713 [nam]
806 2631 1004 2693 circumcirca
1026 2654 1180 2714 nusquam
1204 2634 1320 2716 reperi-

293 2734 377 2785 retur
395 2722 522 2806 propius
541 2723 626 2787 milia
648 2745 797 2807 passuum
817 2723 915 2799 V111;
942 2746 1022 2806 quae
1044 2748 1093 2787 res
1116 2748 1234 2809 magno
1254 2745 1320 2790 erat

294 2816 471 2878 adiumento
489 2816 662 2899 oppidanis.
699 2828 764 2878 tum
782 2833 941 2899 praetcrea
963 2817 1143 2891 accedebat,
1169 2833 1204 2882 ut
1222 2843 1319 2905 agge-

295 2931 359 2972 rem
378 2957 384 2970 .
406 2957 413 2971 .
433 2957 440 2971 .
461 2957 468 2970 .
488 2958 495 2970 .
516 2957 523 2971 .
543 2910 757 2992 materiesque,
777 2910 859 2972 unde
879 2911 959 2974 soliti
980 2924 1051 2973 sunt
1069 2912 1161 2974 turris
1182 2927 1234 2975 et.
1253 2962 1261 2976 .
1278 2962 1285 2976 .
1301 2961 1317 2986 .,

293 3004 420 3087 propius
443 3003 527 3066 milia
550 3026 699 3087 passuum
720 3003 767 3066 VI
790 3028 851 3067 non
872 3005 1089 3088 reperiebatur.
1130 3029 1203 3068 nam
1222 3006 1318 3069 Pom-

294 3098 382 3181 peius
400 3108 434 3158 ut
452 3097 600 3180 oppidum
616 3097 655 3160 ab
670 3100 900 3182 oppugnatione
915 3099 1010 3162 tutius
1025 3099 1172 3175 efficeret,
1192 3123 1317 3163 omnem

294 3189 452 3252 materiem
476 3190 591 3252 circum
615 3191 764 3272 oppidum
787 3192 940 3255 succisam
964 3192 1042 3254 intro
1065 3193 1234 3276 congessit.
1277 3194 1318 3256 ita

294 3283 468 3345 necessario
486 3283 719 3346 deducebantur
736 3286 847 3361 nostri,
876 3297 911 3348 ut
928 3310 947 3349 a
965 3286 1099 3362 Munda,
1128 3309 1224 3370 quam
1248 3311 1317 3373 pro-

293 3375 375 3439 xime
394 3386 546 3459 ceperant,
566 3376 724 3439 materiem
743 3376 794 3441 illo
812 3378 1016 3462 deportarent.

245 3490 276 3535 ra
359 3467 446 3530 Dum
466 3467 542 3531 haec
565 3469 605 3532 ad
622 3469 775 3532 Mundam
798 3484 948 3556 geruntur
970 3486 1000 3536 et
1019 3472 1212 3551 Ursaonem,
1237 3475 1316 3540 Cae-

294 3585 357 3638 sar,
384 3561 425 3625 ad
442 3562 600 3646 Hispalim
618 3585 689 3626 cum
709 3561 852 3629 Gadibus
876 3589 909 3629 se
931 3567 1112 3651 recepisset,
1141 3568 1317 3652 insequenti

293 3655 343 3718 die
362 3656 502 3719 contione
521 3657 673 3720 advocata
686 3673 920 3723 commemorat:
939 3661 1026 3724 initio
1039 3675 1227 3744 quaesturae
1242 3685 1316 3726 suae

293 3750 565 3832 comprovinciam
581 3773 619 3813 ex
634 3751 778 3815 omnibus
793 3755 960 3837 provinciis
971 3755 1029 3818 sibi
1043 3755 1234 3839 peculiarem
1244 3779 1315 3819 con-

294 3843 430 3906 stituisse
449 3857 487 3917 ct,
507 3866 586 3926 quae
604 3845 756 3927 potuisset
774 3867 810 3908 eo
830 3857 980 3931 tempore,
1001 3849 1151 3912 beneficia
1169 3849 1315 3935 largitum

294 3958 377 4012 cssc;
395 3936 571 4018 insequenti
588 3947 731 4020 practura
749 3940 896 4023 ampliato
910 3941 1026 4005 honore
1041 3943 1216 4027 vectigalia,
1236 3966 1315 4026 quae

295 4028 440 4093 Metellus
459 4029 672 4113 imposuisset,
692 4054 711 4093 a
729 4046 838 4096 senatu
857 4035 972 4117 petisse
990 4047 1019 4097 et
1039 4057 1076 4098 ca
1094 4038 1228 4119 pecunia
1246 4060 1315 4121 pro-

294 4124 425 4187 vinciam
453 4123 615 4200 liberasse,
648 4125 801 4208 simulque
829 4129 999 4211 patrocinio
1031 4141 1177 4213 suscepto
1210 4131 1314 4194 multis

294 4216 499 4301 legationibus
518 4217 558 4281 ab
577 4240 610 4281 se
630 4219 662 4280 in
680 4231 821 4282 senatum
841 4221 974 4285 inductis
994 4222 1086 4286 simul
1104 4223 1240 4306 publicis
1255 4225 1315 4309 pri-

295 4311 434 4391 vatisque
452 4312 555 4375 causis
574 4310 741 4375 multorum
760 4313 925 4378 inimicitiis
945 4317 1097 4400 susceptis
1120 4317 1314 4394 defendisse;

294 4423 351 4463 sno
369 4403 441 4465 item
462 4404 492 4465 in
512 4404 673 4467 consulatu
688 4404 857 4482 absentem,
877 4430 957 4489 quae
970 4409 1131 4492 potuisset,
1151 4411 1314 4474 commoda

295 4495 469 4575 provinciae
488 4497 647 4560 tribuisse:
671 4519 776 4561 eorum
800 4501 937 4564 omnium
956 4503 1189 4566 commodorum
1209 4517 1239 4568 et
1260 4505 1314 4568 im·
