2738 5272
200 678 263 744 382
503 690 620 747 BELLI
638 689 905 747 HISPANIENSIS

197 825 314 879 metum
336 835 406 878 esse
427 837 591 901 magnum,
619 825 650 878 et
665 813 790 897 Attium
807 813 930 879 Varum
953 814 1089 880 circum
1113 815 1238 881 castella

198 931 351 994 praeesse.
382 931 418 973 eo
437 910 487 973 die
504 909 675 993 Pompeius
693 918 796 973 castra
812 909 910 973 movit
928 918 962 973 et
980 919 1105 975 contra
1124 910 1238 995 Hispa·

196 1004 250 1067 lim
273 1003 304 1066 in
327 1003 440 1067 oliveto
463 1003 632 1067 constituit.
678 1002 797 1068 Caesar
822 1002 1017 1087 priusquam
1047 1006 1170 1069 eodem
1195 1014 1237 1069 est

196 1098 368 1183 pmfectus,
395 1096 470 1160 luna
491 1096 568 1161 hora
590 1097 710 1161 circiter
732 1106 821 1161 sexta
845 1097 914 1161 visa
936 1108 1000 1162 est.
1052 1099 1103 1163 ita
1130 1098 1236 1163 castris

197 1190 289 1255 motis
308 1189 445 1254 Ucubim
463 1190 635 1275 Pompeius
653 1190 852 1275 praesidium,
872 1190 959 1273 quod
977 1191 1131 1275 reliquit,
1150 1191 1236 1256 iussit

196 1295 231 1348 ut
247 1283 446 1348 incenderent
463 1295 494 1348 et
512 1286 623 1349 deusto
641 1284 756 1368 oppido
777 1284 810 1348 in
827 1294 931 1348 castra
954 1284 1091 1350 maiora
1109 1307 1148 1350 se
1165 1284 1237 1351 reei-

195 1387 313 1463 parent.
361 1377 537 1460 insequenti
564 1390 701 1462 tempore
727 1375 938 1462 Ventiponem
970 1379 1143 1464 oppidum
1170 1402 1235 1443 cura

196 1494 376 1557 oppugnare
398 1473 566 1557 coepisset,
593 1472 749 1537 deditione
771 1471 855 1536 facta
875 1472 934 1535 iter
956 1472 1043 1537 fecit
1067 1474 1105 1537 in
1124 1472 1237 1539 Carru-

195 1588 274 1641 cam,
294 1575 400 1629 contra
413 1565 599 1651 Pompeium
617 1575 719 1629 castra
732 1566 844 1650 posuit.
871 1564 1056 1650 Pompeius
1073 1568 1236 1653 oppidum,

196 1661 280 1743 quod
298 1671 404 1723 contra
422 1683 479 1724 sua
497 1661 651 1744 praesidia
667 1672 772 1745 portas
791 1659 970 1736 clausisset,
990 1661 1162 1739 incendit3
1184 1662 1238 1726 mi·

195 1753 312 1836 lesquc‚
331 1754 385 1835 qui
402 1752 529 1817 fratrom
548 1776 639 1818 suum
657 1755 689 1818 iu
703 1754 813 1818 castris
826 1753 1015 1838 iugulasset,
1038 1756 1236 1842 interceptus

196 1858 244 1912 est
261 1870 280 1911 a
297 1847 410 1911 nostris
429 1858 459 1911 ot
477 1847 553 1912 fusti
570 1870 747 1932 percussus.
775 1847 846 1910 lrinc
864 1847 974 1911 itinere
992 1848 1092 1914 facto
1106 1850 1143 1914 in
1156 1872 1237 1913 caur-

195 1963 269 2025 pum
287 1939 497 2005 Mundensem
516 1963 587 2005 cum
606 1952 688 2006 esset
706 1960 846 2017 rentum,
873 1951 978 2007 castra
1000 1953 1126 2008 contra
1144 1943 1237 2007 Pom-

144 2052 176 2099 28
196 2035 299 2119 peium
318 2035 485 2098 constituit.
513 2035 655 2117 sequenti
673 2036 722 2099 dic
740 2058 812 2099 cum
825 2035 884 2098 iter
895 2033 1001 2098 facere
1017 2034 1156 2101 Caesar
1167 2060 1235 2101 euru

194 2129 292 2213 copiis
310 2127 416 2203 vellet,
435 2129 645 2192 renuntiatum
662 2139 710 2193 est
728 2152 748 2192 a
765 2127 1014 2212 speculatoribus
1034 2129 1235 2216 Pompeium

194 2221 233 2285 de
251 2221 341 2286 tertia
359 2221 465 2306 vigilia
486 2223 518 2286 in
536 2223 602 2286 acie
621 2223 754 2287 stetisse.
799 2223 859 2286 lioc
880 2222 990 2286 nuntio
1008 2223 1119 2291 allato
1138 2227 1235 2291 rexil

194 2314 259 2377 lum
277 2315 445 2398 proposuit.
489 2316 604 2380 idcirco
627 2317 709 2380 euim
732 2317 838 2400 copias
861 2316 1028 2392 eduxerat,
1061 2322 1157 2402 quod
1176 2320 1235 2386 Ur-

195 2410 392 2473 saonensium
411 2410 536 2486 anitati,
556 2414 609 2496 qui
621 2414 669 2474 sui
682 2411 813 2474 fuissent
827 2410 974 2484 fautores,
994 2423 1100 2477 antea
1114 2415 1233 2479 litteras

193 2503 333 2579 miserat,
362 2503 530 2568 Caesarem
553 2505 634 2568 nollo
653 2506 684 2567 in
707 2505 878 2568 convallem
902 2505 1121 2586 descendere,
1149 2509 1232 2592 quod

194 2597 342 2660 maiorem
364 2610 483 2682 partem
505 2599 658 2662 exereitus
682 2599 812 2661 tironem
836 2597 971 2661 liaberet.
1018 2598 1088 2665 liae
1113 2603 1233 2667 litterae

193 2690 392 2754 uehementer
414 2691 638 2756 confirmabant
660 2703 778 2755 mentes
805 2691 1048 2776 oppidanorum.
1100 2697 1149 2761 ita
1176 2698 1231 2760 liae

194 2785 337 2868 opinione
355 2784 453 2847 fretus
472 2798 537 2849 tuto
561 2808 594 2849 so
612 2786 715 2849 facere
733 2807 826 2868 posse
850 2785 1066 2851 existimabat.
1118 2792 1232 2855 etenim

193 2892 223 2940 et
241 2889 352 2942 natura
369 2877 428 2942 loci
447 2878 671 2943 defendebatur
688 2889 718 2941 et
731 2879 830 2962 ipsius
844 2878 949 2962 oppidi
963 2880 1161 2960 munitione,
1181 2884 1233 2948 ubi

194 2982 294 3034 castra
312 2972 487 3035 constituta.
533 2995 667 3055 namque
686 2973 828 3055 superius
848 2973 1148 3041 demonstravimus
1166 2978 1232 3041 loca

194 3064 376 3127 excellentia
390 3066 516 3128 tumulis
531 3067 688 3142 contineri,
704 3066 847 3129 'interim
862 3066 976 3128 nullam
992 3067 1142 3149 planicie
1156 3073 1233 3136 divi·

143 3174 174 3222 29
194 3156 252 3233 dit;
276 3158 307 3220 id
325 3158 408 3239 quod
427 3180 464 3221 eo
482 3159 589 3222 incidit
608 3159 774 3244 tempore*
817 3160 965 3244 planicies
988 3161 1076 3224 iuter
1097 3179 1232 3249 utraque

194 3262 296 3313 castra
313 3251 522 3315 intercedebat
540 3253 661 3316 circiter
679 3254 764 3316 milia
781 3276 931 3336 passuum
949 3252 988 3329 V,
1010 3268 1046 3317 ut
1066 3260 1233 3340 praesidia

193 3343 325 3428 Pompei
338 3344 459 3408 duabus
474 3346 712 3410 defenderentur
725 3346 828 3422 rebus,
848 3347 962 3431 oppido
981 3356 1013 3410 et
1027 3352 1159 3416 excelsi
1175 3352 1234 3417 loci

194 3450 312 3501 natura.
340 3438 412 3504 hinc
430 3439 566 3523 dirigens
581 3440 722 3523 proxima
735 3440 883 3523 planicies
897 3439 1110 3523 aequabatur.
1141 3447 1232 3510 cuius

194 3533 359 3596 decursum
378 3533 579 3597 antecedebat
596 3534 691 3609 rivers,
710 3535 764 3616 qui
782 3535 822 3597 ad
836 3557 942 3597 eorum
957 3556 1131 3602 accessum
1147 3563 1235 3604 suru-

194 3650 278 3689 mam
288 3626 443 3690 efficiebat
455 3626 515 3690 loci
528 3628 734 3709 iniquitatem:
754 3652 825 3692 uam
840 3629 970 3712 palustri
984 3638 1015 3691 et
1030 3634 1234 3718 voraginoso

195 3721 262 3784 solo
286 3742 412 3784 currens
435 3730 500 3784 erat
522 3723 562 3784 ad
584 3721 733 3784 dextram.
779 3722 863 3804 quod
883 3721 1001 3785 Caesar
1023 3744 1102 3787 cum
1129 3728 1233 3790 aciem

195 3814 343 3877 directam
360 3813 499 3889 vidisset,
518 3837 580 3877 nou
598 3814 706 3878 habuit
720 3814 859 3891 dubium,
879 3816 954 3899 quin
967 3816 1072 3879 media
1087 3819 1232 3902 planicie

194 3908 227 3970 in
249 3930 383 3990 aequum
406 3908 446 3970 ad
472 3908 683 3971 dimicandum
709 3909 876 3971 adversarii
901 3907 1121 3992 procederent.
1171 3914 1231 3977 hoc

195 4012 259 4064 erat
280 4001 312 4064 iu
334 4001 472 4064 omnium
491 4013 669 4086 conspeetu.
713 4002 774 4065 huc
792 4002 973 4078 accedebat,
1001 4014 1036 4064 ut
1059 4002 1158 4071 loeus
1176 4007 1231 4071 illa

193 4095 325 4178 planicie
348 4095 518 4177 equitatum
541 4105 685 4159 evocaret
707 4106 737 4159 et
759 4096 820 4159 diei
840 4097 976 4178 solisque
998 4097 1176 4164 serenitate
1194 4114 1229 4163 ut

194 4189 357 4251 mirificum
375 4199 405 4251 et
423 4189 592 4273 optandum
611 4200 733 4274 tempus
752 4212 848 4273 prope
862 4189 901 4252 ab
916 4190 974 4252 diis
989 4190 1228 4258 immortalibus

194 4281 271 4345 illud
293 4283 439 4346 tributum
463 4295 546 4347 esset
567 4285 605 4347 ad
633 4284 784 4369 proelium
810 4285 1075 4348 committendum.
1124 4289 1227 4353 nostri

194 4375 310 4451 laetari,
329 4377 467 4440 nonnulli
486 4378 579 4441 etiam
597 4378 713 4453 timore,
733 4379 815 4460 quod
834 4379 864 4440 iu
884 4400 954 4441 eum
972 4377 1076 4442 locum
1089 4403 1146 4445 res
1162 4382 1227 4447 for-

196 4489 349 4552 tunaeque
367 4471 504 4533 omnium
523 4471 761 4547 deducerentur,
781 4484 827 4547 ut,
846 4472 997 4555 quidquid
1014 4485 1088 4557 post
1107 4473 1222 4539 horam
