2692 5206
501 763 631 822 CAPUT
650 766 767 821 79-82.
1077 756 1137 821 361

148 885 278 967 superiora
293 886 365 952 loca
386 897 574 952 consecutus
598 888 683 953 miha
704 910 854 973 passuum
873 888 955 953 VIII
973 915 992 954 a
1010 891 1138 976 Thapso

149 973 205 1042 blais
219 981 326 1045 cashis
344 981 495 1045 consedit.
523 991 590 1046 erat
608 993 753 1068 stagnum
768 981 945 1058 salinarum,
964 984 1043 1048 inter
1054 987 1138 1068 quod
1156 1007 1188 1055 80

149 1079 249 1136 amare
266 1074 430 1160 angustiae
448 1076 604 1158 quaedam
616 1097 679 1139 non
693 1076 825 1160 amplius
840 1075 923 1139 mille
936 1088 965 1139 et
979 1077 1011 1139 D
1025 1100 1138 1162 passus

149 1161 296 1244 htererant3
323 1190 403 1250 quas
431 1166 539 1253 Scipio
565 1170 680 1233 intrare
706 1181 737 1232 et
763 1168 962 1254 Thapsitanis
990 1171 1137 1236 auxilium

148 1254 394 1325 leueconahatur.
439 1263 524 1345 quod
546 1262 686 1327 futurum
706 1261 874 1326 Caesarem
896 1285 958 1326 non
976 1264 1137 1329 fefellerat.

147 1372 250 1436 masque
274 1355 375 1441 pridie
398 1356 430 1419 in
453 1378 491 1420 eo
516 1356 586 1421 loco
612 1356 740 1421 castello
761 1356 880 1420 munito
901 1355 1006 1440 ibique
1027 1357 1080 1420 111
1101 1406 1137 1422 ..

146 1448 269 1526 praesidio
290 1448 400 1512 relicto
421 1449 490 1534 ipse
512 1471 585 1514 cum
610 1450 738 1533 reliquis
765 1450 862 1534 copiis
888 1449 1001 1513 lunatis
1028 1451 1137 1515 castris

147 1533 279 1624 Thapsum
296 1541 444 1627 operibus
463 1543 722 1607 circummunivit.
769 1540 875 1627 Scipio
892 1542 1015 1605 interim
1032 1542 1138 1607 exelu-

106 1714 111 1719 .
146 1650 184 1694 sus
196 1633 229 1698 ab
244 1635 369 1720 incepto
386 1636 495 1700 itinere
514 1659 610 1721 supra
627 1648 772 1722 stagnum
790 1646 914 1723 postero
932 1636 983 1698 die
1000 1646 1032 1699 et
1048 1646 1138 1700 nocte

145 1724 257 1792 consecto
280 1728 368 1792 caelo
390 1728 514 1794 albente
536 1753 599 1794 non
621 1729 714 1814 longe
737 1753 755 1792 a
777 1729 885 1792 castris
912 1729 1137 1813 praesidioque,

144 1819 205 1897 quod
219 1843 311 1906 supra
328 1823 585 1899 commemoravi,
603 1823 686 1886 mille
704 1821 850 1906 passibus
869 1822 908 1885 ad
926 1844 1010 1886 mare
1028 1844 1137 1887 versus

144 1913 254 1977 anelis
272 1926 303 1978 et
321 1929 425 1979 castra
442 1916 564 1979 munire
582 1916 693 2000 coepit.
725 1916 808 1998 quod
825 1925 989 1999 postquam
1008 1914 1137 1980 Caesari

143 2006 289 2072 amtiatum
312 2020 374 2086 est,
402 2009 499 2074 milite
517 2010 557 2075 ah
580 2031 673 2094 opere
696 2010 829 2073 deducto
851 2009 960 2073 castris
982 2009 1137 2094 praesidio

142 2092 291 2182 Asprenate
308 2104 497 2187 proconsule
515 2126 587 2169 cum
604 2103 780 2189 legionibus
803 2101 924 2167 duabus
946 2103 1052 2169 relicto
1068 2104 1136 2188 ipse

141 2203 194 2253 tum
208 2194 350 2280 expedita
367 2197 459 2280 copia
475 2197 507 2260 in
526 2220 598 2261 eum
620 2197 723 2261 locum
746 2197 861 2261 citatim
884 2197 1041 2261 contendit
1057 2197 1137 2261 clas·

140 2277 223 2366 ‘isque
237 2299 325 2374 parte
344 2291 385 2354 ad
398 2290 562 2375 Thapsum
580 2291 687 2355 relicta
704 2291 837 2374 reliquas
856 2314 951 2355 naves
969 2290 1054 2354 iubet
1066 2302 1137 2375 post

139 2366 250 2447 braum
268 2396 392 2469 tergum
410 2406 504 2467 quam
522 2385 657 2449 maxime
676 2385 716 2449 ad
733 2384 806 2448 litus
824 2385 938 2468 appelli
950 2386 1137 2471 signumque

137 2483 210 2568 §uum
225 2476 407 2554 ohservare,
434 2501 498 2561 quo
516 2479 607 2564 signo
625 2479 699 2543 dato
721 2477 825 2542 subito
842 2478 974 2542 clamore
997 2478 1080 2541 sacto
1097 2500 1137 2541 ex

135 2573 283 2649 ¹aprovis0
302 2571 446 2637 hostibus
465 2574 584 2637 aversis
602 2573 775 2637 incuterent
792 2582 948 2649 terrorem,
967 2583 1001 2636 ut
1018 2583 1137 2657 pertur-

133 2644 186 2725 hsfi
204 2687 237 2729 ac
263 2666 417 2751 perterriti
443 2667 597 2751 respicere
623 2678 695 2752 post
721 2678 809 2751 terga
834 2676 1026 2751 cogerentur.
1074 2686 1135 2748 quo
1152 2683 1181 2730 sl

130 2762 280 2842 saraam
295 2758 415 2825 Caesar
431 2762 572 2844 pervenit
590 2770 621 2824 et
638 2760 854 2824 animadvertit
871 2760 968 2823 aciem
983 2758 1135 2842 provallo

130 2832 271 2936 Scipionis
290 2864 322 2918 et
338 2853 436 2918 nihilo
454 2855 557 2918 minus
575 2863 695 2940 partem
713 2852 845 2916 militum
859 2864 959 2917 castra
972 2874 1034 2915 non
1047 2852 1135 2937 igna-

128 2936 196 3010 viter
222 2947 356 3024 munire,
393 2948 461 3033 ipse
496 2947 563 3012 acie
598 2947 710 3031 triplici
745 2946 907 3022 collocata,
942 2945 1065 3030 legione
1099 2943 1136 3008 X

123 3016 264 3123 Xlllque
283 3041 393 3106 dextro
411 3063 521 3116 cornu,
539 3040 647 3104 XIIII
665 3052 695 3105 et
713 3038 815 3104 V1111
832 3039 956 3103 sinistro
974 3038 1134 3123 oppositis,

123 3112 284 3219 Vlegione
302 3135 335 3198 in
352 3147 463 3217 quarta
481 3135 547 3198 acie
565 3135 606 3198 ad
623 3135 692 3219 ipsa
710 3156 825 3198 cornua
841 3133 944 3216 quinis
958 3130 1135 3197 cohortibus

120 3236 222 3292 contra
238 3227 356 3292 bestias
375 3228 547 3304 collocatis,
567 3228 749 3313 sagittariis,
769 3227 976 3291 funditoribus
994 3227 1026 3291 in
1043 3226 1136 3290 utris-

115 3334 175 3405 que
192 3321 338 3386 cornibus
357 3322 516 3406 dispositis
534 3322 657 3406 levique
680 3334 836 3386 armatura
856 3323 936 3385 inter
952 3322 1071 3404 equites
1089 3321 1136 3384 in·

114 3414 241 3479 briseta
256 3415 326 3500 ipse
342 3415 475 3500 pedibus
489 3416 605 3480 circum
618 3416 731 3480 milites
745 3438 932 3480 concursans
947 3417 1136 3498 virtutesque

110 3519 330 3573 veteranorum
343 3509 522 3593 proeliaque
536 3510 694 3594 superiora
704 3532 948 3574 commemorans
963 3508 1136 3592 blandeque

110 3601 275 3688 appellans
297 3603 417 3667 animos
441 3625 548 3667 eorum
570 3603 734 3667 excitabat.
779 3603 911 3666 Tirones
937 3613 1055 3679 autem,
1082 3602 1136 3685 qui

109 3716 284 3778 numquam
302 3696 334 3758 in
352 3696 417 3760 acie
435 3697 644 3774 dimicassent,
663 3696 852 3772 hortabatur,
871 3707 905 3759 ut
921 3707 1136 3760 ueteranomm

109 3789 260 3854 uirtmem
282 3790 512 3854 aemularentur
533 3812 702 3874 eorumque
720 3789 850 3866 famam,
877 3788 994 3866 locum,
1021 3810 1134 3853 nomen

109 3883 243 3949 victoria
259 3895 348 3968 parta
365 3896 511 3968 cuperent
529 3884 698 3969 possidere.
742 3885 846 3966 itaque
864 3883 896 3947 in
914 3883 1133 3949 circumeundo
1151 3903 1183 3951 82²

109 3978 283 4045 exercitum
301 3978 518 4042 animadvertit
531 3978 636 4042 hostes
651 3979 733 4043 circa
745 3979 862 4042 vallum
876 3977 1027 4062 trepidare
1041 3989 1134 4062 atque

109 4072 192 4137 ultro
210 4071 350 4155 citroque
368 4072 498 4156 pavidos
517 4094 700 4136 concursare
719 4082 749 4135 et
766 4072 859 4135 modo
882 4094 915 4136 se
933 4071 1013 4135 intra
1029 4082 1134 4157 portas

109 4167 249 4253 recipere
267 4168 361 4231 modo
378 4167 589 4231 inconstanter
605 4167 868 4250 immoderateque
886 4167 1018 4251 prodire.
1062 4189 1134 4232 eum

109 4262 194 4327 idem
213 4283 233 4325 a
249 4260 391 4345 pluribus
409 4261 612 4324 animadverti
631 4271 774 4345 coeptum
797 4270 893 4338 esset,
921 4259 1023 4326 subito
1040 4262 1134 4348 legati

111 4355 294 4439 evocatique
311 4353 475 4419 obsecrare
490 4353 667 4430 Caesarem,
687 4377 725 4418 ne
739 4354 893 4420 dubitaret
907 4356 1032 4442 signum
1046 4357 1133 4421 dare:

111 4450 272 4516 victoriam
287 4449 346 4514 sihi
360 4451 516 4535 propriam
531 4474 549 4514 a
564 4451 612 4514 dis
627 4449 852 4515 immortalibus
870 4453 1021 4535 portendi.
1044 4451 1134 4516 dubi-

113 4552 196 4609 tante
215 4543 352 4609 Caesare
370 4555 463 4627 atque
481 4567 587 4608 eorum
606 4544 710 4608 studio
732 4544 953 4629 cupiditatique
970 4545 1132 4610 resistente
