2692 5206
289 125 397 174 Ill-{llll
422 125 682 175 lllsl‘nxlllxsls
705 126 830 176 clll’l'l'
855 130 872 174 1.
1030 114 1090 170 :llll

228 586 478 668 BELLUM
505 586 938 669 HISPANIENSE.

478 832 685 873 annullamus.

145 904 186 961 Cu.
195 908 347 977 Pompeius
357 905 432 960 filius
442 907 571 962 collectis
580 908 816 977 Pompeianorum
829 907 956 979 reliquiis
970 907 1092 962 auxiliis-

66 981 275 1065 lueflispania
284 985 419 1038 ulteriore
428 985 537 1055 potitur
550 1002 573 1038 c.
583 986 608 1038 1.
643 986 760 1053 Caesar,
780 992 910 1056 quartum
924 985 1037 1052 consul,
1055 986 1092 1038 ad

65 1044 234 1115 Cordubam
255 1078 273 1114 a
295 1060 371 1114 Sext.
396 1061 531 1130 Pompeio
559 1069 728 1130 occupatam
754 1060 943 1131 proficiscitur
970 1078 1088 1133 eamque

61 1129 171 1217 urben
183 1137 361 1207 aggreditur,
380 1136 464 1191 Uliae
482 1154 500 1189 a
514 1136 563 1192 Cu.
578 1137 716 1207 Pompeio
732 1139 866 1192 obsessae
886 1137 1028 1208 praesidio
1043 1139 1091 1190 im-

59 1213 167 1266 ¹1naso.
201 1213 249 1266 hic
266 1230 285 1266 a
301 1213 388 1267 fratre
406 1214 560 1267 arcessitus
579 1215 684 1267 omissa
697 1214 780 1269 Uliae
795 1213 962 1268 obsessione
977 1212 1092 1267 Caesari

57 1290 207 1363 Ρθοιιπίῒς
231 1290 331 1343 crebro
354 1298 512 1360 pugnatun
534 1291 677 1361 Ateguam
699 1290 926 1360 proficiscentem
944 1290 1093 1345 Caesarem

55 1367 228 1437 ¹assequitur
241 1367 395 1436 Pompeius
414 1385 437 1421 c.
454 1368 531 1421 2-6.
567 1378 660 1423 castra
678 1370 714 1422 ad
730 1367 840 1422 Salsum
857 1367 961 1422 flumen
977 1375 1093 1437 ponunt.

54 1432 212 1513 Ateguam
235 1450 384 1513 oppugnat
406 1442 525 1512 Caesar,
552 1446 662 1514 proelia
686 1445 723 1499 ad
747 1443 775 1498 fl.
800 1443 911 1500 Salsum
934 1451 964 1499 ct
987 1444 1093 1498 Cordu-

54 1506 152 1587 bum3
168 1519 283 1590 Ategua
300 1520 409 1589 potitur
423 1519 529 1575 Caesar
550 1539 573 1576 c.
590 1522 681 1576 7-19.
718 1522 870 1591 Pompeius
889 1528 983 1576 castra
1000 1527 1095 1575 movet

54 1584 193 1651 Ucubim
203 1613 314 1663 versus,
335 1596 462 1667 sequitur
472 1597 585 1653 Caesar.
621 1599 740 1669 Pompei
755 1598 906 1653 crudelitas
922 1598 950 1653 iu
963 1614 1027 1665 eos,
1046 1598 1094 1668 qni

53 1662 187 1727 Caesari
200 1673 297 1728 favere
312 1674 486 1729 dicebantur.
521 1676 681 1744 Ursaoues,
700 1679 829 1745 Ateguae
848 1676 937 1745 capti,
956 1674 1043 1745 legati
1058 1675 1094 1727 ad

53 1750 340 1818 tuosdimittuntur,
359 1751 565 1806 interficiuntur
578 1753 793 1823 aPompeiauis.
829 1754 929 1807 castris
944 1752 1055 1807 collatis
1064 1750 1096 1804 fit

52 1818 140 1881 leve
155 1828 304 1898 proelium,
327 1829 441 1898 gravius
459 1837 575 1899 postero
599 1830 644 1883 die
663 1831 700 1883 ad
719 1829 858 1895 Sericum,
880 1829 909 1883 in
932 1845 989 1900 quo
1008 1827 1097 1882 vincit

53 1895 185 1959 Caesar.
219 1904 327 1958 Antisti
346 1905 499 1976 Turpionis
519 1913 548 1961 ct
562 1906 596 1971 Q.
611 1906 730 1976 Pompei
744 1906 825 1977 Nigri
841 1912 982 1960 certamen
1001 1904 1095 1974 singu·

53 1972 146 2035 lara
175 1982 285 2053 equites
303 1981 413 2052 aliquot
426 1982 545 2037 Romani
562 1985 600 2038 ad
614 1982 762 2037 Caesarem
781 1990 929 2038 transeunt
946 1999 970 2036 c.
981 1982 1096 2035 20-26.

54 2048 179 2113 Caesar
195 2059 233 2112 ad
247 2057 380 2112 Mundam
394 2066 488 2114 castra
506 2061 600 2130 ponit,
620 2062 801 2115 committitur
819 2076 883 2113 acre
898 2058 1048 2129 proelium,
1066 2057 1096 2110 in

54 2124 170 2201 fugam
182 2134 362 2190 coniciuntur
376 2136 555 2205 Pompeiani,
575 2138 682 2192 cadunt
696 2138 841 2191 Labienus
856 2143 885 2191 et
898 2134 993 2189 Attius
1001 2133 1095 2189 Varus

58 2219 100 2258 e·
129 2210 231 2265 tt-al.
276 2211 514 2281 Pompeianorum
537 2231 603 2283 pars
627 2214 762 2268 Mundam
785 2212 928 2283 coniugit3
955 2210 1095 2265 exercitus

59 2292 157 2348 Parte
170 2289 271 2343 adeas
286 2289 460 2344 obsidendos
475 2292 576 2345 relicta
590 2290 695 2347 Caesar
710 2292 871 2345 Cordubam
890 2287 1054 2360 aggreditur
1067 2295 1097 2341 et

62 2370 217 2436 expugnat
234 2384 259 2421 c.
276 2366 387 2419 32-34.
425 2367 528 2421 deinde
545 2368 658 2438 Hispali
675 2374 705 2422 et
722 2369 792 2423 Asta
811 2367 918 2438 potitur
942 2382 965 2419 c.
983 2363 1095 2418 35-36.

63 2426 205 2498 Carteiae
214 2442 355 2498 seditione
366 2450 428 2497 orta
437 2444 590 2513 Pompeius
605 2462 668 2498 cum
682 2444 782 2514 viginti
798 2445 917 2498 navibus
927 2441 1021 2512 longis
1030 2456 1094 2511 pro·

67 2502 163 2586 fun'q
184 2520 345 2590 insequitur
361 2520 478 2587 Didius,
497 2521 546 2591 qui
565 2520 694 2576 Gadibus
713 2522 798 2576 classi
817 2525 948 2591 praeerat
964 2525 994 2573 et
1009 2535 1097 2573 naves

68 2594 176 2665 Pffltim
183 2596 324 2664 incendit,
344 2597 446 2666 partim
458 2599 547 2666 capit;
566 2597 678 2652 saucius
688 2598 841 2668 Pompeius
855 2598 883 2651 in
898 2596 1001 2652 lectica
1014 2595 1097 2665 sugit,

70 2670 113 2713 ¹¹²
127 2672 414 2742 incomprehensus
432 2673 601 2728 interficitur
615 2692 639 2728 c.
653 2675 762 2729 37-39.
799 2675 902 2729 Didius
921 2692 938 2728 a
952 2672 1097 2727 Lusitanis

73 2731 185 2827 fffrtiter
193 2766 326 2821 pugnans
336 2748 509 2805 interficitur.
537 2752 644 2806 Fabius
655 2751 793 2807 Maximus
803 2752 937 2806 blondum
947 2756 1098 2820 expugnat,

74 2805 232 2881 1‘neonem
243 2825 357 2881 obsidet
366 2843 389 2880 c.
399 2827 434 2880 40
443 2836 472 2881 et
480 2827 522 2880 41.
546 2828 675 2882 Caesaris
686 2829 781 2882 contio
793 2828 905 2899 Hispali
915 2826 1014 2882 habita
1023 2843 1046 2880 c.
1056 2825 1098 2878 42.

137 2900 217 2960 Haec
227 2910 311 2975 gesta
320 2909 386 2957 sunt
395 2921 420 2958 a.
429 2921 458 2958 u.
468 2921 492 2958 c.
504 2905 555 2959 708
564 2907 661 2975 ealda,
676 2922 702 2959 a.
712 2904 777 2959 Chr.
786 2906 821 2959 46
830 2904 908 2960 etro.

489 3057 672 3065 ———-—---.
686 3055 693 3061 -

133 3150 298 3220 Pharnace
320 3165 480 3240 superato,
504 3155 616 3219 Africa
633 3166 759 3240 recepta
776 3155 829 3238 qui
847 3176 886 3218 ex
905 3153 954 3217 his
973 3151 1097 3236 proeliis
1120 3174 1130 3218 ι

74 3242 292 3335 profugissent
309 3298 318 3313 .
338 3298 345 3313 .
365 3298 374 3313 .
393 3298 401 3313 .
420 3272 492 3314 cum
505 3248 738 3314 'adolescentes
754 3248 814 3314 Cn.
828 3246 1000 3332 Pompeio*
1016 3294 1024 3310 .
1040 3297 1047 3311 .
1065 3294 1072 3309 .
1090 3295 1098 3308 .

73 3334 106 3387 ⁰²
133 3343 288 3408 ulterioris
316 3342 492 3427 Hispaniae
518 3343 635 3428 potitus
662 3352 759 3421 esset,
790 3342 865 3407 dum
889 3341 1007 3406 Caesar
1031 3362 1099 3403 mu-

72 3430 202 3502 neribus
230 3436 341 3501 dandis
368 3437 401 3501 in
426 3436 519 3501 Italia
545 3437 699 3501 detinetur
725 3485 870 3501 ......
889 3457 950 3519 quo
977 3432 1098 3497 facilius

72 3524 367 3597 praesidiumue
393 3544 586 3618 compararet
606 3531 792 3616 Pompeius,
819 3532 851 3595 in
879 3530 971 3594 fidem
994 3527 1100 3592 unius·

71 3615 229 3710 cuiurisque
251 3625 387 3691 civitatis
409 3626 579 3714 confugere
601 3627 712 3711 coepit.
757 3627 801 3689 ita
821 3623 934 3709 partim
954 3621 1099 3707 precibus

70 3714 189 3786 lanam
212 3722 244 3786 vi
267 3721 348 3786 benc
371 3745 486 3807 magno
508 3732 686 3808 comparata
711 3743 805 3784 manu
831 3717 1022 3804 provinciam
1047 3739 1101 3780 va-

71 3804 170 3879 ⁸i⁶2ra
218 3813 334 3899 quibus
360 3816 393 3879 in
419 3815 512 3880 rebus
539 3815 705 3879 nonnullae
731 3814 872 3878 civitates
903 3835 961 3877 sua
990 3822 1100 3896 sponte

71 3904 195 3975 ²¹1ailia
210 3909 384 3987 mittebant,
403 3910 484 3997 item·
495 3909 659 3974 nonnullae
677 3920 782 3992 portas
800 3918 907 3971 contra
923 3904 1099 3970 eludebant.

133 4008 299 4055 locaremur.
898 4004 932 4058 ‘24
