2692 5206
438 765 555 823 COMM.
571 767 637 825 VII.
654 767 723 823 46-
729 768 771 823 50.
1051 757 1113 821 135

93 889 170 958 elati
187 911 245 976 spe
262 889 372 956 celeris
392 889 538 957 victoriae
560 900 592 955 et
612 891 748 956 hostium
763 890 841 977 fuga
858 893 1112 978 superiorumque

94 995 274 1070 temporum
291 984 436 1049 secundis
453 985 578 1070 proeliis
596 985 673 1049 nihil
690 985 768 1050 adeo
786 986 917 1050 arduum
930 986 990 1051 sibi
1007 987 1113 1052 existi-

92 1078 240 1155 mabant,
262 1078 347 1162 quod
363 1100 427 1144 uon
444 1079 555 1144 virtute
573 1080 721 1163 consequi
737 1089 879 1164 possent,
901 1101 1002 1163 neque
1019 1080 1113 1145 finem

93 1173 186 1260 prius
204 1172 355 1257 sequendi
371 1172 525 1251 fecerunt,
543 1195 636 1256 quarn
654 1197 743 1238 muro
761 1174 866 1259 oppidi
883 1175 1041 1259 portisque
1059 1198 1114 1260 up-

93 1266 354 1356 propinquarunt.
398 1276 464 1331 tum
481 1289 555 1332 vero
573 1289 612 1332 ex
629 1267 772 1333 omnibus
791 1267 876 1333 urbis
894 1267 1033 1353 partibus
1046 1280 1113 1333 orto

94 1362 235 1426 clamore
256 1360 311 1445 qui
326 1360 449 1446 longius
471 1360 599 1426 aberant
619 1363 780 1447 repentino
798 1363 931 1426 tumultu
951 1363 1112 1446 perterriti,

95 1477 172 1520 cum
187 1454 312 1519 hostem
328 1454 409 1519 intra
424 1463 529 1539 portas
543 1477 612 1520 esse
626 1456 845 1533 existimarent,
865 1478 934 1520 sese
947 1478 987 1520 ex
1000 1456 1114 1541 oppido

94 1550 265 1614 eiecertmt.
309 1549 560 1614 matresfamiliae
581 1549 620 1614 de
643 1573 732 1614 muro
749 1560 868 1615 vestem
891 1560 1114 1636 argentumque

94 1642 257 1709 iactabant
274 1652 306 1707 et
321 1653 445 1728 pectore
461 1645 546 1708 nudo
563 1644 772 1729 prominentes
785 1645 887 1730 passis
901 1644 1045 1709 manibus
1059 1645 1115 1709 ob-
1219 1637 1221 1642 ’

97 1736 293 1802 testabantur
303 1736 473 1815 Romanos,
491 1748 526 1802 ut
544 1737 603 1803 sibi
616 1749 786 1823 parcerent,
804 1762 874 1816 neu,
894 1739 974 1803 sicut
986 1737 1115 1803 Avarici

98 1830 262 1906 fecissent,
283 1852 324 1895 ne
341 1831 520 1897 mulieribus
539 1833 664 1916 quidem
682 1842 774 1916 atque
791 1832 961 1897 infantibus
979 1831 1115 1896 abstine-

95 1934 183 1990 rentz
207 1924 373 1990 nonnullae
395 1926 435 1990 de
451 1926 548 1991 muris
565 1948 621 2010 per
642 1949 753 1990 manus
776 1927 931 1991 demissae
949 1948 1018 1990 sese
1036 1926 1116 1989 mili-

95 2018 185 2084 tibus
202 2018 374 2084 tradebant.
417 2020 538 2085 Lucius
555 2019 688 2097 Fabius,
716 2021 853 2085 centurio
869 2019 1002 2106 legionis
1019 2019 1113 2096 Vnt,

95 2134 194 2196 quem
211 2111 292 2177 inter
309 2135 382 2178 suos
401 2134 438 2178 eo
455 2114 505 2179 die
522 2114 639 2179 dixisse
657 2113 819 2179 constabat
836 2115 963 2179 excitati
980 2136 1015 2180 se
1027 2113 1115 2178 Ava-

94 2204 272 2271 ricensibus
292 2207 438 2291 praemiis
460 2230 561 2292 neque
583 2209 835 2285 commissurum,
863 2218 897 2272 ut
921 2209 1007 2294 prius
1029 2208 1115 2291 quis-

94 2320 194 2383 quam
211 2320 335 2363 murum
356 2302 550 2379 ascenderet,
576 2313 638 2366 tres
661 2325 734 2367 suos
757 2312 888 2366 nanctus
906 2301 1114 2387 manipulares

95 2404 193 2476 atque
210 2392 250 2457 ab
269 2393 308 2458 iis
327 2394 506 2460 sublevatus
524 2418 647 2460 murum
669 2397 820 2460 ascendit:
843 2396 900 2460 hos
922 2397 990 2481 ipse
1006 2418 1113 2460 rursus

96 2485 240 2573 singulos
258 2498 426 2573 exceptans
443 2490 475 2552 in
494 2512 617 2554 murum
639 2491 756 2554 extulit.
799 2490 921 2553 interim
942 2491 978 2566 ii,
1000 2489 1054 2573 qui
1075 2489 1115 2553 ad
1132 2505 1165 2552 48

96 2579 228 2645 alteram
245 2592 367 2666 partem
384 2583 504 2667 oppidi,
531 2594 565 2647 ut
583 2606 677 2668 supra
695 2583 989 2659 demonstravimus,
1015 2583 1115 2645 muni-

94 2673 191 2740 tionis
213 2696 311 2739 causa
332 2686 550 2752 convenerant,
578 2678 678 2761 primo
700 2676 843 2740 exaudito
869 2675 1017 2751 clamore,
1043 2675 1116 2738 inde

94 2767 193 2833 ctiam
210 2767 328 2833 crebris
345 2771 461 2835 nuntiis
479 2771 606 2847 incitati,
624 2770 773 2854 oppidum
786 2768 825 2834 ab
840 2769 990 2832 Romanis
1009 2769 1115 2846 teucri,

95 2861 280 2948 praemissis
308 2863 461 2946 equitibus
487 2887 601 2950 magno
632 2885 784 2927 concursu
815 2884 852 2927 eo
883 2862 1115 2925 contenderunt.

94 2977 207 3020 corum
223 2956 409 3040 utquisque
431 2957 549 3041 primus
572 2967 712 3032 venerat,
740 2955 798 3019 sub
820 2977 909 3020 muro
927 2953 1116 3019 consistebat

95 3070 290 3132 suorumque
307 3050 512 3135 pugnantium
529 3072 692 3113 numerum
711 3048 854 3134 augebat.
894 3070 1027 3132 quorum
1045 3069 1117 3112 cum

95 3166 215 3230 magna
232 3142 398 3208 multitudo
416 3144 623 3221 convenisset,
641 3143 907 3220 matresfamiliae,
926 3165 1006 3226 quae
1023 3143 1117 3227 paulo

95 3248 171 3301 ante
188 3236 341 3301 Romanis
363 3238 402 3302 de
423 3260 512 3303 muro
530 3260 640 3302 manus
663 3237 844 3314 tendebant,
873 3260 946 3301 suos
969 3236 1117 3302 obtestari

96 3342 131 3394 et
146 3352 236 3396 more
255 3328 376 3397 Gallico
398 3354 527 3417 passum
550 3333 694 3417 capillum
716 3344 869 3397 ostentare
891 3331 1067 3415 liberosque
1085 3332 1118 3396 iu

96 3434 302 3511 conspectum
322 3425 460 3510 proferre
483 3437 658 3510 coeperunt.
703 3436 767 3490 erat
789 3425 939 3490 Romanis
966 3447 1024 3489 ncc
1048 3425 1118 3489 loco

97 3540 158 3584 nec
182 3540 314 3584 numero
340 3541 440 3603 aequa
466 3521 632 3584 contentio:
665 3520 756 3584 simul
783 3530 814 3583 ct
840 3541 934 3583 cursu
961 3530 991 3583 ct
1018 3519 1117 3602 spatio

97 3635 226 3700 pugnae
244 3612 405 3699 defatigati
422 3637 485 3677 non
502 3614 593 3678 facile
611 3624 749 3678 recentes
768 3624 860 3697 atque
873 3614 1011 3698 integros
1026 3612 1119 3675 susti-

97 3706 226 3773 nebant.
253 3705 381 3784 Caesar,
400 3730 472 3772 cum
489 3708 595 3790 iniquo
612 3707 682 3772 loco
700 3707 832 3793 pugnari
848 3706 1047 3788 hostiumque
1064 3729 1120 3769 au·
1137 3726 1169 3773 to

97 3803 167 3888 geri
184 3801 292 3888 copias
309 3801 442 3879 videret,
466 3813 683 3887 praemetuens
702 3802 766 3866 suis
789 3802 830 3864 ad
847 3800 954 3864 Titum
975 3798 1117 3864 Sextium

99 3896 250 3983 legatum,
267 3918 361 3980 quem
379 3896 549 3961 minoribus
568 3897 677 3961 castris
695 3896 850 3981 praesidio
867 3896 1043 3978 reliquerat,
1062 3895 1119 3957 rni-

101 3991 155 4068 sit,
173 3999 210 4055 ut
226 3989 369 4056 cohortes
386 4013 426 4055 ex
443 3991 552 4055 eastris
570 3991 709 4055 celeriter
726 3991 870 4054 educeret
888 4001 919 4053 et
937 3989 995 4054 sub
1013 3989 1119 4052 infimo

100 4083 181 4149 colle
197 4082 240 4149 ab
257 4084 366 4149 dexuo
383 4086 478 4149 latere
495 4085 632 4149 hostium
650 4085 862 4159 constitueret,
881 4094 929 4161 ut,
952 4084 979 4148 si
996 4093 1119 4147 nostros

100 4176 170 4243 loco
186 4177 335 4262 depulsos
353 4179 496 4255 vidisset,
522 4202 584 4263 quo
606 4181 709 4244 minus
731 4179 827 4243 libere
849 4177 954 4242 hostes
977 4177 1120 4261 inseque-

100 4280 220 4348 rentur,
247 4281 384 4337 terreret.
431 4273 500 4358 ipse
521 4273 650 4358 paulum
676 4297 716 4337 ex
742 4295 779 4337 eo
805 4272 873 4336 loco
900 4293 972 4336 cum
997 4270 1119 4358 legione

102 4386 301 4452 progressus,
320 4365 374 4431 ubi
392 4368 584 4445 constiterat,
602 4379 748 4433 eventum
766 4388 890 4452 pugnae
908 4365 1118 4451 exspectabat.

102 4478 175 4522 cum
194 4460 343 4524 acerrime
366 4461 539 4527 comminus
561 4472 764 4548 pugnaretur,
791 4461 897 4526 hostes
919 4460 988 4525 loco
1011 4469 1042 4525 ct
1062 4483 1119 4523 nu·
1138 4477 1169 4525 50

102 4574 203 4631 mero,
226 4555 324 4620 nostri
340 4557 453 4621 virtute
471 4557 672 4635 confiderent,
696 4555 799 4621 subito
823 4566 895 4621 sunt
911 4554 1039 4620 Haedui
1060 4553 1119 4618 visi
