2692 5206
509 816 578 857 vm
597 816 735 858 CAESARIS
1028 814 1167 861 xbvllll

250 1064 403 1136 Pompeius
412 1064 440 1117 in
450 1062 519 1133 fuga
528 1060 703 1117 interficitur.
730 1062 892 1118 Cordubam
903 1063 1009 1118 Caesar
1017 1073 1170 1135 expugnat,

250 1132 400 1202 Hispalim,
416 1131 514 1185 Aetam
525 1131 636 1200 recipit,
646 1130 790 1198 Mundam,
801 1131 959 1187 Ursaonem
968 1132 1074 1186 Fabius
1085 1133 1171 1188 Maxi·

250 1218 313 1254 mus
322 1205 472 1321 enpuguat
505 1199 563 1254 Sub
574 1204 685 1268 tempus
694 1198 861 1253 Mundensis
870 1199 975 1320 proelii
984 1198 1171 1256 Anticatones

251 1268 364 1340 scripsit
382 1269 392 1337 (
419 1265 487 1321 raef.
501 1266 631 1337 pXIII),
669 1266 777 1321 Romae
796 1283 868 1338 supp
881 1266 967 1321 scatio
983 1267 1006 1320 ls
1021 1267 1128 1323 dierum
1143 1274 1172 1323 et

250 1335 408 1406 triumphus
425 1341 454 1388 et
471 1333 537 1388 nori
553 1335 677 1388 bonores
692 1335 882 1390 decernuntur
894 1334 976 1415 (Soet.
987 1336 1043 1401 76).
1079 1336 1170 1390 Meus.

252 1402 521 1483 Septreduxexflis
542 1402 609 1456 ania
618 1401 992 1472 ineunteOetobriqurntum
1000 1403 1170 1474 triumphum

251 1482 319 1542 egrt.
356 1469 462 1525 Consul
475 1419 541 1524 ulf
553 1470 613 1524 sine
632 1471 758 1539 collega,
777 1470 933 1524 dictatorV
946 1474 1061 1551 (mage
1083 1472 1171 1525 uitam

252 1550 285 1594 ut
293 1545 385 1607 antea,
396 1538 435 1592 M.
447 1537 593 1609 Lepidus).
623 1536 807 1605 Concessum,
816 1542 849 1591 ut
858 1543 964 1592 vestem
973 1543 1076 1608 trsump
1097 1539 1171 1593 alem

251 1608 281 1661 in
292 1607 420 1661 omnibus
430 1606 625 1674 sollemnibus,
635 1621 770 1659 coronam
780 1607 906 1660 lauream
916 1621 1027 1675 semper
1035 1613 1170 1676 gestaret,

252 1676 346 1730 fasces
360 1676 516 1737 laureatos,
534 1674 713 1744 imperatoris
722 1673 806 1728 titulo
815 1679 953 1744 perpetuo
962 1680 1100 1740 uteretur,
1121 1692 1173 1729 sua

250 1743 372 1813 imagine
387 1758 514 1797 nummos
525 1748 646 1796 ornaret.
683 1740 789 1795 Consul
798 1749 911 1795 creatus
926 1740 1062 1797 indecem
1072 1758 1171 1810 annos,

251 1812 374 1866 dictator
382 1816 411 1865 et
413 1810 582 1896 praefectus
591 1809 717 1863 moribus
727 1815 895 1888 perpetuus,
934 1810 1168 1888 amrpauiseap-

250 1880 381 1960 pellatus.
401 1879 529 1932 bueunte
537 1894 612 1932 auno
623 1877 650 1931 in
662 1876 844 1947 Campaniam
853 1826 999 1947 proissctus
1008 1892 1026 1931 a
1035 1876 1171 1933 Cicerone

251 1965 280 2001 sn
288 1947 443 2001 Puteolano
453 1945 577 2018 bospitio
587 1945 733 2016 excipitur.

84 2016 128 2068 llo
178 2016 216 2068 44
251 2014 385 2069 Coloniae
397 2015 532 2093 Pharum,
551 2013 727 2081 Narbonem,
746 2011 876 2076 Arelate,
895 2013 1060 2066 Corinthum
1077 2011 1172 2080 mittit,

251 2082 449 2152 Carthaginem
459 2088 607 2136 restituere
617 2080 773 2136 constituit
799 2080 956 2136 Varronem
965 2079 1169 2135 bibliothecam

252 2151 374 2205 condere
392 2151 471 2205 iubet
492 2149 598 2222 (Praef.
611 2167 644 2228 p.
661 2148 723 2220 Vl).
770 2148 881 2202 Bellum
898 2148 1060 2203 Parthicum
1077 2156 1168 2218 parat.

250 2219 434 2289 Magistratus
447 2223 477 2272 et
490 2219 651 2289 provincias
666 2217 756 2287 ipsius
769 2217 940 2272 auctoritate
953 2216 1168 2271 distribuuntur.

250 2286 359 2340 Hirtius
377 2291 407 2341 et
419 2286 516 2341 Pansa
533 2286 562 2340 iu
580 2303 686 2340 annum
698 2285 733 2338 43
747 2285 879 2339 eonsules
897 2293 1036 2339 creantur.
1073 2284 1169 2340 Sullae

250 2361 281 2409 et
288 2354 404 2423 Pompei
418 2359 526 2408 statuas
540 2360 606 2425 post
634 2369 738 2422 uguem
748 2352 939 2407 Pharsalicam
949 2370 966 2406 a
975 2353 1083 2424 populo
1094 2353 1169 2407 deie-

250 2422 452 2477 ctasrcstituit
467 2420 599 2502 (Suetib.
634 2421 745 2493 turbt.)
764 2421 1170 2492 Diademaetregiunsuomen

250 2490 307 2545 iam
321 2496 406 2545 antea
419 2495 558 2544 renitente
567 2489 674 2570 populo
704 2489 845 2543 naesitum
855 2489 900 2544 die
911 2488 973 2544 XV.
984 2505 1071 2544 mens.
1082 2488 1168 2544 Febr.

250 2557 458 2627 Lupercalibus
471 2556 612 2611 Antonius
630 2557 657 2610 ei
675 2573 692 2610 o
715 2563 770 2623 ert,
788 2556 965 2626 improbante
984 2559 1091 2628 populo
1108 2556 1169 2628 ipse

249 2626 388 2697 repudiat.
423 2626 468 2679 Ad
483 2623 707 2679 interficiendum
717 2625 867 2679 Caesarem
882 2626 1032 2679 coniurant
1046 2626 1169 2694 compiu-

250 2710 310 2762 res,
325 2709 443 2764 quorum
452 2693 589 2747 notissimi
600 2697 667 2747 sunt
675 2693 713 2746 M.
723 2699 753 2746 et
763 2692 800 2746 D.
812 2690 892 2745 Bruti
928 2691 958 2746 C.
969 2692 1083 2746 Cassius
1092 2692 1169 2746 Lou-

249 2761 346 2832 giuus,
364 2763 394 2815 P.
406 2761 541 2816 Servilius
550 2761 654 2829 Casca,
675 2760 710 2815 L.
723 2760 826 2813 Tillius
837 2732 963 2827 Cimber,
977 2759 1093 2813 Cassius
1102 2760 1169 2815 Par·

250 2831 363 2884 mensis.
397 2830 496 2884 idibus
514 2828 637 2897 Martiis,
658 2845 729 2897 quas
748 2833 780 2880 ut
798 2831 912 2880 caveret
928 2827 1033 2880 frustra
1046 2827 1169 2880 monitus

250 2905 319 2959 erat,
330 2898 359 2952 in
367 2898 447 2953 curia
454 2897 572 2967 Pompei
582 2903 612 2952 et
620 2897 657 2951 ad
667 2895 728 2949 cius
740 2900 862 2949 statuam
872 2892 1038 2949 interiectus
1048 2900 1100 2949 est.

124 4688 194 4732 trum
204 4689 294 4734 Caesam
