2692 5206
438 812 556 869 COMM.
573 814 608 871 V.
627 816 711 869 1-2.
1043 804 1083 869 71

123 938 166 1003 L.
184 936 341 1015 Domitio,
364 935 428 1023 Ap.
447 936 582 1003 Claudio
599 937 779 1003 consulibus
795 938 960 1006 discedens
977 940 1017 1005 ab
1035 939 1083 1004 hi·
1101 961 1114 1009 1

52 1031 166 1097 bernis
186 1030 306 1097 Caesar
325 1030 359 1095 iu
375 1031 513 1108 ltaliam,
542 1043 575 1095 ut
597 1032 762 1115 quotannis
784 1031 886 1097 facere
908 1044 1081 1112 consuerat,

54 1126 174 1213 legatis
198 1125 344 1211 imperat,
370 1148 450 1210 quos
476 1126 653 1213 legionibus
679 1126 884 1212 praefecerat,
915 1130 962 1193 uti
987 1152 1082 1214 qnam

56 1219 212 1305 plurimas
229 1231 358 1305 possent
376 1220 477 1286 hieme
494 1243 591 1286 naves
609 1221 816 1287 aedificandas
834 1232 1017 1308 veteresque
1033 1247 1083 1290 re-

58 1312 213 1377 ficiendas
231 1322 382 1377 curarent
410 1335 516 1377 earum
533 1314 661 1378 modum
675 1314 869 1399 formamque
883 1315 1081 1383 demonstrat.

59 1405 103 1471 sd
126 1405 315 1471 celeritatem
336 1408 484 1472 onerandi
507 1407 790 1492 subductionesque
810 1408 905 1493 paulo
930 1409 1006 1475 saeit
1026 1410 1085 1475 hu-

61 1499 215 1576 miliores,
241 1521 337 1583 quam
357 1499 472 1584 quibus
493 1501 527 1565 in
551 1513 658 1567 nostro
683 1503 762 1566 mari
783 1502 829 1566 uti
854 1503 1083 1581 consuevimus,

59 1605 157 1677 atque
180 1594 213 1657 id
235 1616 273 1659 eo
290 1595 406 1681 magis,
432 1595 660 1681 quodpropter
681 1596 806 1661 crebras
828 1596 1085 1661 commutationes
1129 1647 1132 1652 .

61 1704 210 1753 aestuum
235 1689 338 1752 nunus
364 1712 495 1776 magnos
521 1689 566 1754 ibi
586 1690 699 1754 fluctus
725 1691 792 1755 fieri
818 1701 1019 1777 cognoverat,
1046 1691 1087 1756 ad

62 1804 162 1848 onera
178 1805 216 1848 ac
233 1783 462 1848 multitudinem
478 1785 688 1850 iumentorum
705 1786 975 1872 transportandam
992 1786 1086 1872 paulo

65 1876 209 1954 latiores,
234 1900 331 1962 quarn
357 1877 472 1962 quibus
493 1879 526 1942 in
547 1879 674 1963 reliquis
701 1880 817 1944 utimur
836 1880 984 1945 maribus.
1029 1880 1086 1945 bas

61 1992 176 2036 omnes
201 1972 355 2036 actuarias
382 1973 514 2057 imperat
539 1972 620 2050 fieri,
647 1995 742 2056 quam
767 1975 808 2038 ad
833 1996 900 2039 rem
928 1974 1085 2038 humilitas

62 2063 199 2129 multum
216 2066 353 2130 adiuvat.
398 2088 445 2143 ea,
463 2088 544 2149 quac
561 2077 633 2131 sunt
651 2068 721 2131 usui
739 2068 780 2132 ad
797 2068 1085 2144 armandasnaves,

64 2180 109 2223 ex
134 2157 294 2244 Hispania
320 2159 475 2244 apportari
500 2158 595 2224 iubet.
639 2160 707 2245 ipse
733 2161 936 2226 conventibus
965 2158 1086 2226 Galliac

64 2252 217 2317 citerioris
230 2254 364 2337 peractis
376 2253 409 2316 in
418 2252 578 2337 Illyricum
593 2254 805 2338 proficiscitur,
825 2256 908 2338 quod
921 2279 941 2319 a
952 2255 1086 2319 Pirustis

63 2344 230 2410 finitimam
242 2355 361 2431 partem
375 2347 553 2431 provinciae
566 2347 794 2412 incursionibus
803 2349 919 2412 vastari
931 2347 1086 2413 audiebat.

63 2460 104 2503 eo
120 2462 195 2503 cum
212 2439 364 2517 venisset,
383 2439 560 2505 civitatibus
579 2441 691 2506 milites
709 2442 840 2526 imperat
858 2452 1037 2526 certumque
1054 2443 1087 2505 in

64 2532 170 2598 locum
188 2533 354 2598 convenire
372 2533 466 2598 iubet.
511 2556 574 2617 qua
590 2556 623 2598 re
641 2535 782 2599 nuntiata
799 2534 944 2598 Pirustae
964 2536 1084 2620 legatos

66 2626 107 2690 ad
128 2649 202 2690 oum
224 2628 363 2705 mittunt,
391 2627 445 2710 qui
467 2627 598 2692 doceant
618 2627 695 2690 nihil
713 2650 819 2691 earum
836 2650 941 2691 rerum
962 2629 1086 2713 publico

66 2719 185 2783 lactum
203 2720 346 2797 consilio,
374 2743 504 2804 seseque
522 2731 647 2805 paratos
666 2743 736 2785 esse
757 2720 968 2784 demonstrant
989 2722 1088 2785 omni-

66 2812 125 2878 bus
145 2813 320 2878 rationibus
343 2814 382 2878 de
403 2814 522 2879 iniuriis
545 2814 733 2878 satisfacere.
777 2823 924 2898 percepta
949 2813 1087 2877 oratione
1188 2862 1193 2871 .

68 2928 175 2970 eorum
200 2906 321 2972 Caesar
345 2907 471 2973 obsides
497 2908 629 2992 imperat
655 2929 770 2991 eosque
797 2907 838 2971 ad
863 2918 979 2970 certam
1004 2907 1087 2970 diem

70 3000 181 3064 adduci
197 3000 300 3078 iubet3
323 3002 383 3065 nisi
399 3003 444 3067 ita
460 3002 603 3078 fecerint,
622 3023 692 3066 soso
710 3001 792 3066 bello
809 3001 966 3065 civitatem
983 3022 1088 3085 perse-

71 3103 212 3157 cuturum
231 3095 432 3160 demonstrat.
476 3096 514 3159 iis
532 3096 572 3160 ad
590 3095 672 3159 diem
690 3095 847 3170 adductis,
865 3103 900 3158 ut
916 3095 1088 3179 imperave-

73 3198 127 3263 rat,
149 3188 284 3253 arbitros
301 3189 382 3253 inter
399 3189 540 3255 civitates
559 3190 625 3268 dat,
648 3190 703 3272 qui
719 3189 806 3253 litem
827 3188 991 3253 aestiment
1013 3210 1088 3273 poe-

75 3304 201 3364 namque
219 3284 419 3348 constituant.

132 3373 193 3440 His
216 3376 367 3441 confectis
388 3377 482 3442 rebus
509 3376 774 3460 conventibusque
796 3376 929 3461 peractis
955 3376 988 3440 in
1014 3377 1120 3442 cito-a

79 3466 180 3533 tionem
197 3467 337 3535 Galliam
356 3471 520 3535 revertitur
541 3482 633 3555 atque
651 3471 724 3535 indo
746 3471 787 3535 ad
804 3471 973 3535 exercitum
994 3471 1088 3555 profi·
1125 3491 1130 3502 ⁴

82 3559 205 3627 ciscitm.
254 3586 293 3628 eo
325 3586 395 3628 cum
425 3565 577 3643 venisset,
613 3564 748 3630 circuitis
780 3564 924 3628 omnibus
949 3562 1086 3627 hibernis

84 3652 220 3741 singulari
237 3658 370 3722 militum
388 3659 491 3724 studio
508 3660 542 3724 in
559 3681 682 3723 summa
703 3658 842 3723 omnium
858 3680 963 3722 rerum
983 3656 1089 3740 inopia

85 3747 190 3815 circiter
206 3762 372 3817 sexcentas
389 3752 457 3819 eius
474 3753 612 3839 generis,
641 3752 729 3817 cuius
748 3774 843 3836 supra
864 3749 1088 3815 demonstravi-

86 3858 155 3921 mus,
175 3868 289 3922 naves,
312 3856 343 3910 et
359 3846 470 3933 longas
487 3844 646 3911 XXVIII
662 3846 780 3909 invenit
801 3845 968 3909 instructas
987 3862 1087 3923 neque

88 3936 200 4003 multum
218 3938 389 4005 abesse-ab
407 3963 459 4019 eo,
481 3942 556 4026 quin
574 3941 682 4026 paucis
700 3938 811 4004 dicbus
829 3936 940 4002 deduci
957 3936 1086 4020 possint.

90 4027 251 4099 alamus
277 4032 428 4100 militibus
454 4046 547 4120 atque
573 4035 626 4113 iis,
653 4035 708 4118 qui
733 4033 858 4119 negotio
880 4030 1087 4116 praefuerant,

90 4121 148 4201 qnid
160 4126 228 4192 fieri
245 4127 330 4204 velit,
350 4130 484 4193 ostendit
496 4140 590 4213 atquo
603 4129 704 4192 omnis
718 4129 759 4192 ad
771 4137 894 4211 portum
907 4125 1002 4189 Itium
1016 4146 1089 4189 oon-

91 4217 173 4285 thire
189 4221 287 4298 iubet,
304 4244 368 4306 quo
385 4246 424 4287 ex
442 4234 533 4308 portu
550 4222 838 4289 commodissimum
850 4220 882 4283 in
895 4219 1088 4283 Britanniam

91 4309 230 4379 miserum
248 4338 320 4381 esse
333 4329 528 4403 cognoverat,
548 4318 669 4382 circiter
682 4316 801 4380 milium
814 4336 964 4399 passuum
978 4312 1089 4377 XXX

91 4393 316 4496 [transmissum]
336 4434 356 4475 a
373 4410 554 4476 continenti:
572 4411 645 4475 huic
657 4410 702 4474 roi
716 4408 800 4493 quod
814 4406 888 4471 satis
903 4429 973 4470 esse
985 4406 1088 4470 visum

90 4504 125 4561 etl
138 4502 266 4568 militmn
281 4504 414 4588 reliquit.
458 4506 526 4591 ipse
548 4529 620 4570 cum
642 4504 818 4590 legionibus
841 4501 993 4585 expeditis
1018 4499 1087 4563 IIII

89 4596 268 4679 equabus
277 4597 403 4665 DCCC
415 4600 449 4665 in
461 4601 539 4666 fines
550 4601 757 4666 Treverorum
770 4595 984 4683 proficiscitur,
1003 4592 1087 4676 quod
