2738 5272
498 828 626 884 curor
645 827 762 882 11-15.
1075 816 1139 882 295

123 954 225 1018 studio
242 954 283 1017 ad
301 953 469 1036 parandam
487 950 619 1015 classem
637 949 850 1015 incubuerunt.
886 963 973 1016 erant
990 952 1135 1019 omnibus
1155 977 1186 1024 rs

122 1047 210 1111 ostiis
235 1046 298 1110 Nili
325 1044 483 1109 custodiae
509 1044 655 1129 exigendi
681 1043 807 1128 portarii
833 1066 929 1108 eausa
958 1045 1136 1131 dispositae.

122 1163 218 1204 navos
240 1151 360 1203 veteres
383 1147 470 1201 erant
491 1138 523 1201 in
545 1137 674 1201 occultis
697 1137 800 1221 regiae
822 1138 998 1215 navalibus,
1025 1140 1138 1222 quibus

122 1234 227 1298 multis
250 1233 338 1297 anuis
361 1232 401 1296 ad
423 1231 633 1315 navigandum
656 1252 718 1293 non
740 1242 825 1294 erant
849 1232 906 1295 usi.
943 1231 999 1296 has
1022 1233 1140 1298 reficie-

123 1329 210 1404 bant,
237 1328 305 1391 illas
328 1326 551 1390 Alexandriam
573 1323 769 1389 revocabant.
805 1323 930 1389 deerant
951 1327 1041 1390 remi:
1069 1350 1139 1411 por·

123 1424 215 1499 tieus,
235 1421 412 1506 gymnasia,
431 1420 556 1504 publiea
573 1418 714 1483 aedificia
731 1417 930 1503 detegebant;
953 1443 1074 1486 asseres
1092 1446 1139 1487 re-

123 1539 243 1580 morum
270 1538 362 1578 usum
389 1513 582 1578 obtinebant:
609 1513 694 1576 uliud
720 1512 867 1576 naturalis
890 1514 1028 1590 solertia,
1055 1515 1140 1580 aliud

123 1610 207 1674 urbis
226 1609 315 1693 copie
337 1606 612 1672 sumministrabat.
647 1618 805 1691 postremo
827 1628 888 1670 nou
910 1608 1035 1693 longam
1053 1610 1140 1674 navi·

123 1703 277 1787 gationem
293 1701 452 1786 parabant,
472 1701 527 1764 sed
540 1700 711 1784 praesentis
726 1699 872 1783 temporis
885 1702 1061 1766 necessitati
1076 1726 1139 1767 ser·

123 1795 248 1859 viebant
268 1810 300 1858 et
320 1797 353 1858 in
374 1796 443 1879 ipso
465 1805 557 1879 portu
583 1793 811 1878 confligendum
838 1793 992 1859 videbant
1036 1796 1138 1878 itaque

122 1890 230 1974 qraueis
239 1888 349 1953 diebus
358 1898 464 1952 eontra
474 1888 610 1951 omnium
621 1888 797 1971 opinionem
806 1888 1137 1970 quadriremesXXII,

123 1984 358 2066 quinqueremes
376 1982 408 2047 V
426 1983 638 2058 confecerunt;
661 1982 701 2045 ad
719 1982 776 2045 has
798 1981 930 2046 minores
953 1994 1138 2067 apertasque

123 2077 296 2161 complures
314 2077 492 2140 adiecerunt
510 2088 540 2139 et
558 2076 589 2138 in
607 2086 700 2159 portu
716 2074 880 2159 periclitati
897 2077 1041 2162 remigio,
1064 2077 1139 2160 quid

122 2194 263 2253 quaeque
277 2194 384 2234 earum
398 2171 521 2234 efficere
534 2181 650 2254 posset,
664 2170 792 2233 idoneos
802 2169 913 2233 milites
927 2171 1139 2255 imposuerunt

123 2287 217 2347 seque
235 2265 275 2329 ad
293 2264 521 2350 confligendum
536 2263 679 2327 omnibus
692 2263 786 2328 rebus
801 2277 994 2348 paraverunt.
1023 2264 1140 2329 Caesar

123 2358 261 2421 Rhodias
279 2380 375 2422 naves
394 2356 496 2421 VHH
517 2356 652 2421 habebat
675 2357 760 2438 (nam
778 2357 887 2421 decem
908 2357 1010 2422 missis
1028 2382 1091 2422 una
1106 2359 1139 2423 in

123 2474 215 2513 eursu
235 2449 351 2535 [litore]
371 2450 531 2536 Aegyptio
549 2451 728 2532 defecerat),
748 2449 895 2514 Ponticas
910 2450 1001 2527 VIII,
1021 2453 1138 2536 Lycias

123 2543 163 2618 V,
183 2566 221 2607 ex
238 2544 318 2607 Asia
336 2544 415 2608 XII.
451 2567 491 2608 er
509 2545 557 2608 his
575 2556 663 2607 erant
680 2544 916 2626 quinqueremes
935 2555 965 2607 et
982 2547 1140 2629 quadrire-

124 2661 189 2701 moa
211 2638 261 2715 X,
288 2638 424 2721 reliquae
447 2639 527 2702 infra
548 2638 629 2701 hane
651 2638 897 2723 magnitudinem
919 2649 949 2702 et
975 2640 1139 2722 pleraeque

123 2745 256 2817 apertae.
292 2744 397 2797 tamen
415 2734 527 2798 virtute
545 2734 677 2797 militum
695 2732 831 2797 confisus
853 2733 984 2817 cognitis
1002 2733 1138 2798 hostiurn

124 2828 219 2910 copiis
243 2849 276 2890 se
301 2828 341 2891 ad
362 2827 571 2890 dimicandum
593 2826 731 2911 parabat.
768 2838 932 2910 postquam
955 2849 992 2890 eo
1014 2836 1139 2890 ventum
1160 2849 1189 2894 14

123 2933 183 2996 est,
203 2931 236 2984 ut
255 2920 313 2984 sibi
332 2931 460 3003 uterque
478 2921 661 2997 confideret,
685 2919 803 2984 Caesar
821 2919 947 2984 Pharon
964 2919 1064 2984 classe
1082 2921 1140 2983 eir·

123 3015 316 3079 cumvehitur
333 3015 541 3098 adversasque
559 3039 655 3079 naves
673 3015 815 3079 hostibus
829 3014 1001 3078 constituit:
1019 3014 1051 3079 in
1065 3015 1140 3078 dex-

123 3124 168 3171 tro
186 3131 281 3172 cornu
299 3109 439 3173 Rhodias
457 3109 597 3183 collocat,
616 3109 648 3171 in
665 3109 790 3171 sinistro
803 3107 960 3172 Ponticas.
987 3107 1066 3171 inter
1083 3108 1140 3172 has

123 3204 256 3286 spatium
276 3201 396 3268 CCCC
410 3225 559 3287 passuum
578 3203 731 3285 relinquit,
751 3202 835 3284 quod
853 3201 928 3265 satis
947 3224 1016 3267 esse
1029 3202 1069 3265 ad
1087 3224 1140 3265 ex-

121 3296 279 3378 plicandas
302 3319 398 3361 naves
422 3295 593 3360 videbatur.
638 3309 709 3380 post
734 3295 817 3359 huno
839 3295 978 3359 ordinem
1004 3295 1139 3378 reliquas

122 3412 217 3454 naves
236 3389 375 3454 subsidio
393 3388 563 3466 distribuit3
590 3412 670 3473 quae
693 3412 849 3473 quamque
871 3412 976 3453 earum
994 3401 1141 3472 sequatur

122 3494 152 3545 et
170 3483 221 3546 oui
238 3483 409 3559 subveniat,
428 3484 586 3548 coustituit
604 3494 696 3567 atque
713 3485 853 3568 imperat.
884 3507 946 3546 non
964 3481 1140 3547 dubitanter

122 3574 326 3640 Alexandrini
343 3578 476 3642 elassem
495 3579 669 3662 producunt
686 3588 779 3660 atque
797 3579 965 3641 instruunt:
989 3579 1021 3641 in
1039 3578 1140 3641 fronte

122 3669 272 3735 eolloeant
290 3672 411 3749 XXII,
439 3672 573 3755 reliquas
597 3672 797 3738 subsidiarias
821 3674 853 3736 in
875 3673 1011 3737 seeundo
1033 3673 1140 3736 ordine

123 3765 322 3829 constituunt.
359 3789 508 3852 magnum
527 3779 686 3851 praeterea
703 3790 866 3830 numerum
883 3768 1037 3830 minorum
1054 3767 1141 3829 navi-

122 3860 243 3943 giorum
261 3871 293 3922 et
305 3861 490 3945 seaphorum
504 3863 680 3946 producunt
693 3884 764 3924 cum
778 3861 929 3924 malleolis
942 3859 1139 3945 ignibusque,

123 3953 148 4015 si
167 3953 242 4034 quid
259 3954 328 4038 ipsa
345 3955 510 4018 multitudo
528 3964 559 4017 et
577 3954 693 4018 elamor
706 3965 736 4017 ot
750 3954 875 4018 flemma
887 3954 1002 4018 nostris
1016 3954 1140 4017 terroris

122 4046 231 4108 afferre
249 4058 385 4131 possent.
413 4060 499 4112 erant
518 4049 599 4110 inter
615 4049 694 4112 duas
713 4049 829 4112 classes
848 4049 929 4111 vada
942 4047 1073 4110 transitu
1086 4069 1141 4110 an·

121 4151 222 4223 gusto,
242 4162 321 4222 quae
339 4142 492 4226 pertinent
510 4142 550 4206 ad
567 4142 725 4227 regionem
740 4142 867 4206 Africae
885 4142 945 4224 (sio
958 4141 1039 4204 enim
1052 4162 1141 4224 prae-

122 4234 233 4309 dicant,
252 4247 371 4319 partem
390 4258 459 4300 esse
472 4235 683 4300 Alexandriae
701 4237 860 4299 dimidiam
879 4235 1031 4319 Africae),
1050 4235 1141 4299 satis·

122 4351 181 4408 quo
200 4328 253 4390 diu
271 4329 351 4392 inter
367 4330 452 4414 ipsos
471 4340 519 4393 est
537 4340 765 4414 exspectatum,
784 4330 824 4393 ab
842 4329 919 4393 utris
936 4328 1023 4392 fieret
1041 4338 1140 4392 trans·

121 4421 214 4483 eundi
240 4422 375 4498 initium,
403 4433 566 4507 propterea
587 4424 671 4506 quod
694 4423 736 4499 ei,
764 4423 818 4505 qui
839 4423 1020 4498 intrassent,
1047 4422 1139 4486 etad

121 4515 333 4597 explicandam
353 4517 485 4580 classem
503 4527 533 4581 et
551 4518 592 4581 ad
609 4528 781 4601 receptum,
806 4517 832 4579 si
850 4518 955 4581 durior
975 4517 1140 4581 accidisset

121 4629 221 4681 casus,
237 4608 444 4693 impeditiores
458 4611 524 4674 fore
538 4611 730 4675 videbantur.
761 4610 892 4675 Rhodiis
907 4609 1037 4676 navibus
1050 4632 1139 4695 prae-
1159 4630 1189 4675 15
