2692 5206
441 784 559 842 conss.
576 786 599 840 1.
620 786 740 840 69-73.
1034 773 1096 839 207

39 902 202 995 obliquo
219 910 330 975 itinere
347 911 455 976 cetrati
468 920 617 995 peterent,
637 910 834 996 conspicatus
848 910 1002 994 equitatus
1017 908 1100 976 Cae·

43 1006 154 1070 saris
171 1006 206 1070 in
223 1005 359 1070 cohortis
373 1005 524 1090 impetum
537 1006 626 1083 fecit3
644 1028 701 1069 nec
715 1004 875 1068 minimam
888 1016 1008 1089 partem
1022 1018 1099 1070 tem-

42 1100 158 1179 poris
181 1101 322 1183 equitum
344 1099 409 1163 vim
431 1099 538 1163 cetrati
565 1101 718 1165 sustinere
739 1109 908 1184 potuerunt
928 1122 1099 1184 omnesque

48 1192 111 1258 ab
130 1194 179 1258 eis
198 1193 400 1258 circumventi
418 1192 450 1256 in
469 1204 639 1279 conspeetu
657 1195 817 1277 utriusque
836 1194 988 1258 exercitus
1006 1194 1100 1260 inter-

52 1286 231 1352 ficiuntur.
275 1298 342 1352 erat
368 1287 491 1352 occasio
515 1287 594 1353 bene
617 1289 772 1374 gerendae
798 1287 852 1351 rei.
897 1310 999 1370 neque
1023 1312 1099 1353 vero
1118 1312 1148 1358 τι

51 1379 100 1447 id
115 1380 293 1447 Caesarem
310 1379 462 1467 fugiebat,
482 1393 568 1446 tanto
582 1383 641 1447 sub
655 1381 753 1447 oeulis
769 1391 898 1466 accepto
915 1381 1100 1448 detrimento

54 1476 272 1562 perterritum
291 1475 460 1539 exercitum
474 1476 627 1541 sustinere
640 1499 703 1541 non
720 1498 824 1561 posse,
842 1476 1025 1560 praesertim
1042 1477 1101 1541 cir·

55 1569 257 1636 eumdatum
283 1569 421 1652 undique
448 1570 601 1652 equitatu,
629 1594 701 1635 cum
727 1571 760 1634 in
785 1569 854 1635 loco
880 1592 981 1653 aequo
1008 1581 1100 1654 atquc

58 1676 183 1751 aperto
212 1663 442 1748 confligeretur;
474 1664 567 1747 idque
593 1688 633 1729 cx
659 1664 804 1729 omnibus
830 1664 970 1750 partibus
997 1664 1038 1728 ab
1064 1686 1101 1729 eo

58 1756 283 1845 flagitabatur.
324 1757 549 1822 concurrebant
570 1759 678 1844 legati,
707 1758 902 1823 centuriones
925 1758 1100 1842 tribunique

60 1853 223 1917 militum:
242 1874 281 1916 ne
299 1851 455 1916 dubitaret
473 1853 625 1936 proelium
642 1853 849 1918 committere:
872 1853 1012 1918 omnium
1030 1875 1099 1917 esse

64 1946 212 2010 militum
239 1945 454 2030 paratissimos
481 1947 616 2023 anirnos3
644 1946 834 2011 Afranianos
862 1957 969 2011 eontra
994 1946 1100 2011 multis

65 2039 168 2105 rebus
187 2039 239 2104 sui
256 2039 375 2104 timoris
394 2040 484 2125 signa
503 2041 640 2105 misisse:
668 2042 753 2125 quod
770 2041 836 2105 suis
854 2064 919 2129 non
939 2039 1102 2106 subvenis·

68 2144 153 2210 sent,
172 2133 260 2216 quod
277 2133 317 2197 de
335 2132 413 2198 colle
432 2157 494 2198 non
511 2135 707 2212 decederent,
726 2135 812 2219 quod
825 2135 879 2199 vix
897 2135 1037 2218 equitum
1053 2134 1101 2198 in-

70 2249 187 2293 cursus
206 2227 395 2291 sustinerent
412 2228 594 2313 collatisque
616 2230 648 2292 in
670 2252 768 2293 unum
785 2229 888 2294 locum
911 2229 1010 2315 signis
1029 2250 1102 2293 oon-

72 2320 145 2386 ferti
162 2342 267 2404 neque
284 2321 409 2386 ordines
427 2345 527 2405 nequo
547 2324 637 2409 signa
656 2338 824 2387 servarent.
851 2323 936 2405 quod
949 2322 976 2386 si
988 2322 1102 2405 iniqui-

74 2428 170 2480 tatem
188 2415 251 2480 loci
269 2415 404 2494 timeret,
431 2417 537 2480 datum
556 2418 593 2481 iri
612 2427 715 2481 tamen
733 2417 837 2500 aliquo
855 2415 924 2480 loco
941 2416 1102 2501 pugnandi

76 2509 268 2587 securitatem,
286 2510 371 2592 quod
388 2521 470 2575 certe
484 2511 556 2575 inde
570 2511 785 2575 decedendum
799 2519 882 2574 esset
896 2509 1030 2574 Afranio
1043 2532 1101 2574 nec

79 2604 141 2669 sine
159 2625 245 2688 aqua
261 2626 442 2689 permanere
457 2617 573 2690 posset.
603 2604 722 2669 Cacsar
734 2605 766 2667 in
779 2626 848 2667 eam
862 2624 951 2687 spem
964 2613 1100 2679 venerat,
1121 2625 1152 2673 rs

80 2719 111 2762 se
127 2698 197 2762 sine
215 2719 323 2783 pugna
341 2709 372 2761 et
390 2699 457 2762 sine
470 2698 598 2762 vulnere
613 2720 739 2761 suorum
752 2719 818 2760 rem
832 2696 984 2761 conficere
997 2717 1101 2780 posse,

81 2791 161 2874 quod
177 2813 213 2856 re
231 2791 433 2856 frumentaria
452 2791 647 2856 adversarios
665 2790 899 2855 interclusisset.
936 2811 992 2852 cur
1009 2789 1101 2852 etiam

83 2885 216 2949 secundo
236 2885 355 2970 proelio
377 2886 498 2969 aliquos
517 2909 557 2949 ex
580 2886 645 2950 suis
668 2884 841 2948 amitteret?
871 2905 927 2948 cur
947 2883 1103 2947 vulnerari

84 2988 235 3062 pateretur
253 2979 368 3063 optime
386 2980 425 3043 de
448 3002 482 3044 se
504 2979 631 3044 meritos
653 2978 786 3043 milites?
812 3001 867 3042 cur
888 2977 1022 3061 denique
1039 2976 1103 3041 for-

86 3080 185 3137 tunam
202 3072 445 3157 periclitaretur?
466 3073 648 3159 praesertim
666 3095 738 3137 cum
755 3094 819 3137 non
831 3072 934 3136 minus
948 3080 1031 3135 esset
1045 3071 1103 3135 im-

88 3167 227 3247 peratoris
246 3167 376 3232 consilio
395 3190 541 3253 superare
559 3190 654 3250 quam
671 3166 785 3252 gladio.
817 3165 1001 3231 movebatur
1009 3164 1102 3229 etiam

92 3258 290 3325 misericordia
312 3261 440 3339 civium,
467 3285 546 3346 quos
569 3261 798 3325 interficiendos
820 3260 960 3337 videbat3
986 3259 1101 3343 quibus

96 3349 176 3417 salvis
192 3364 286 3438 atque
303 3354 510 3420 incolumibus
528 3378 593 3419 rem
612 3356 751 3421 obtinere
770 3354 914 3419 malebat.
950 3354 1010 3419 hoc
1028 3376 1102 3418 con-

100 3441 184 3511 silium
197 3446 343 3512 Caesaris
361 3449 517 3534 plerisque
531 3473 594 3514 non
611 3449 814 3535 probabatur3
833 3449 947 3513 milites
960 3470 1034 3513 vcro
1047 3471 1103 3532 pa-

101 3534 149 3603 lan
162 3542 239 3609 inter
255 3566 291 3609 se
307 3545 528 3628 loquebantur,
551 3546 700 3629 quoniam
722 3545 792 3609 talis
815 3545 937 3609 occasio
955 3543 1102 3608 victoriae

104 3628 293 3715 dniturctur,
307 3639 401 3703 etiam
414 3662 486 3703 cum
500 3640 593 3704 vellet
603 3638 731 3715 Cacsar,
746 3660 815 3703 sese
824 3661 886 3702 non
900 3659 969 3701 csse
983 3658 1104 3721 pugna-

105 3731 179 3794 turos.
218 3732 271 3798 ille
293 3733 327 3796 in
349 3757 407 3798 sua
430 3734 583 3798 sententia
604 3743 783 3819 perseverat
805 3743 836 3796 et
857 3731 985 3816 paulum
1008 3753 1047 3794 ex
1065 3754 1102 3793 ee

106 3811 157 3885 luto
171 3823 358 3912 degreditur,
376 3838 412 3891 ut
430 3828 572 3893 timorem
591 3826 776 3892 adversariis
795 3827 923 3890 minuat.
958 3824 1102 3889 Petreius

107 3917 177 3993 tique
193 3919 347 3985 Afranius
375 3921 479 3986 oblata
505 3921 653 3986 facultate
676 3921 709 3984 in
735 3930 838 3985 castra
859 3942 929 3984 sese
955 3917 1101 3982 referunt.

108 3996 201 4105 Qut
215 4014 380 4100 praesidiis
397 4016 428 4080 in
447 4015 604 4080 montibus
623 4016 781 4101 dispositis
796 4015 880 4079 omni
893 4014 934 4077 ad
947 4012 1102 4077 Hiberum

107 4106 246 4174 mommo
272 4109 382 4174 itinere
408 4132 503 4193 quam
529 4110 670 4196 proxime
696 4119 798 4194 potest
823 4109 961 4173 hostium
992 4109 1102 4171 castris

108 4204 185 4265 &sua
203 4203 384 4268 communit.
423 4214 548 4288 postero
571 4204 620 4268 dic
643 4204 739 4267 duces
762 4202 1010 4267 adversariorum
1032 4224 1103 4286 per·
1123 4221 1153 4266 su

108 4285 207 4373 barbati,
229 4298 316 4383 quod
333 4321 458 4363 omnem
474 4301 520 4364 rei
537 4299 756 4363 frumentariae
775 4297 972 4381 fluminisque
990 4297 1103 4362 Hiberi

108 4391 368 4478 Jemdimiserant,
383 4394 422 4457 de
436 4394 561 4478 reliquis
575 4393 668 4458 rebus
683 4391 908 4457 consultabant.
927 4401 992 4456 crat
1005 4415 1102 4455 unum

107 4477 161 4554 ¹¹01,
178 4482 312 4578 Ilerdam
334 4487 361 4551 si
382 4489 494 4552 reverti
516 4488 644 4565 vellent;
672 4487 816 4562 alterum,
844 4486 871 4550 si
894 4486 1102 4550 Tarraconem

108 4578 229 4645 peterent,
264 4581 343 4648 haec
361 4581 596 4647 consiliantibus
615 4581 659 4648 cis
678 4581 857 4646 nuntiantur
878 4589 1042 4666 aquatores
1061 4578 1100 4643 ab
