2692 5206
427 120 552 169 t'll'll'
573 122 635 169 to-
650 122 686 170 ῖῑὶ,
1006 111 1064 168 Aa}

72 243 150 327 gratia
162 243 192 303 in
208 256 375 323 conspectu
388 241 530 303 (ao-ari.-
547 244 758 316 collattatastat,
779 244 895 304 reducit
911 245 939 304 in
956 268 1064 307 rastra.

76 339 168 399 Caesar
186 347 293 397 contra
314 336 464 397 eiusmodi
487 335 621 398 hostium
644 357 759 419 genera
781 336 886 418 copias
910 359 983 400 suas
1001 361 1064 402 nou
1086 361 1112 404 τι

77 442 102 490 ut
119 428 276 513 imperator
298 429 466 492 exercitum
489 444 669 493 veteranum
692 429 902 511 victoremque
923 432 1068 495 maximis

78 519 147 585 rebus
165 521 277 607 gestis,
305 521 362 584 sed
384 534 417 584 ut
439 521 551 585 lanista
574 522 689 586 tirones
711 521 899 607 gladiatores
917 524 1068 589 condoce-

79 612 167 691 laoerm
184 637 247 698 quo
263 615 344 699 pede
362 637 396 679 se
414 616 584 700 reciperent
601 615 641 680 ab
656 615 745 680 hoste
760 630 791 678 et
804 617 1067 699 quemadmodum

10 741 14 765 =
80 705 174 773 obversi
190 709 376 773 adversariis
395 718 425 773 et
442 708 474 772 in
491 710 640 792 quantulo
654 710 755 794 spatio
767 710 956 789 resisterent,
975 714 1067 777 modo

10 796 13 805 ’
80 813 263 883 promererent
279 803 373 867 modo
391 804 569 867 recederent
583 805 902 887 comminarenturque
917 806 1067 891 impetum

81 914 107 957 ae
119 916 200 981 prope
218 918 281 979 quo
299 896 366 961 loco
384 907 415 960 et
432 898 695 980 quemadmodum
714 898 775 961 tela
792 899 960 974 mitterem,
979 922 1068 984 prae-

82 985 165 1071 cipere.
197 988 331 1053 Mirifice
349 990 431 1053 enim
449 990 584 1054 hostium
602 991 679 1053 levis
698 1001 852 1054 annatura
870 992 995 1055 anxium
1014 1016 1068 1057 ex-

81 1080 179 1145 ercitum
197 1100 336 1147 nostrum
355 1097 446 1167 atquc
465 1084 629 1147 sollicitum
648 1083 790 1159 habebat,
809 1085 883 1167 quia
900 1096 931 1148 et
948 1086 1067 1168 equites

81 1170 224 1241 deterrebat
240 1177 392 1262 proelium
410 1178 485 1242 inire
499 1192 624 1263 propter
637 1200 786 1260 equorum
799 1177 966 1256 interitum,
985 1182 1068 1263 quod

10 1278 14 1297 ⁸
81 1269 225 1335 oraculis
238 1272 449 1347 interficiebat,
468 1284 500 1336 et
512 1272 715 1357 legionarium
730 1271 857 1335 militem
876 1271 1068 1359 defatigabat

10 1412 15 1451 3
80 1374 177 1447 propter
192 1365 399 1429 velocitatem:
418 1366 523 1451 gratis
541 1365 623 1429 enim
641 1376 813 1430 annaturae
827 1366 915 1430 miles
930 1366 1068 1431 simulat-

10 1458 19 1499 't
81 1472 124 1535 que
138 1457 174 1523 ab
194 1458 245 1523 his
266 1460 436 1524 insectatus
459 1459 639 1523 constiterat
660 1459 691 1522 in
714 1481 829 1541 cosque
851 1459 1000 1544 impetum
1021 1458 1067 1524 fe·

14 1546 19 1551 ’
80 1559 151 1628 ant,
170 1552 213 1616 illi
231 1553 330 1619 veloci
348 1576 440 1618 cursu
457 1553 629 1638 periculum
648 1552 739 1617 facile
760 1552 908 1618 vitabant.
952 1553 1066 1639 quibus
1087 1576 1117 1622 72

80 1644 199 1711 urebas
219 1645 338 1712 Caesar
354 1646 553 1711 vehementer
569 1646 836 1723 commovebatur,
859 1648 947 1730 quia,
969 1650 1068 1733 quod-

80 1750 183 1821 eunque
198 1740 351 1826 proelium
373 1741 494 1823 quoties
518 1751 583 1804 erat
605 1741 821 1817 commissum,
848 1742 987 1825 equitatu
1009 1766 1067 1807 suo

80 1824 128 1893 tine
141 1832 304 1919 legionario
323 1834 418 1898 milite
437 1834 573 1898 hostium
591 1834 740 1916 equitatui
752 1835 875 1916 levique
894 1848 1067 1900 armaturae

80 1938 159 1989 erum
175 1927 260 1992 nullo
278 1929 370 1992 modo
388 1950 532 2012 parasse
552 1938 680 2011 poterat.
726 1926 948 1991 sollicitabatur
964 1939 1067 1992 autem

79 2006 223 2098 babos,
250 2022 334 2105 quod
356 2022 493 2085 nondum
516 2020 656 2106 legiones
679 2020 814 2084 hostium
832 2032 1019 2105 cognoverat
1037 2035 1069 2085 et

27 2196 33 2201 -
78 2123 185 2185 (ittonam
203 2115 296 2178 modo
314 2115 466 2179 sustinere
484 2136 518 2178 se
536 2126 643 2198 posset
660 2113 699 2178 ab
714 2135 819 2177 corum
836 2114 974 2196 equitatu
992 2114 1067 2177 len·-

78 2214 121 2277 lue
133 2218 296 2284 armatura,
318 2228 398 2290 quae
416 2217 482 2272 erat
500 2208 642 2284 mirifica,
667 2209 693 2271 si
711 2208 851 2295 legiones
875 2229 998 2290 quoque
1015 2230 1067 2270 ae-

21 2354 25 2361 .
78 2297 225 2365 aaran.
270 2300 436 2366 accedebat
454 2302 546 2366 etiam
565 2302 641 2368 hacc
660 2325 768 2380 causa,
787 2303 871 2385 quod
888 2301 1067 2386 elephanto-

76 2402 126 2489 ‚mm
146 2397 328 2483 magnitudo
353 2398 579 2482 multitudoque
606 2400 726 2463 animos
753 2399 884 2463 militum
910 2398 1067 2463 detinebat

75 2494 222 2555 ¹oterrore.
266 2490 316 2555 cui
334 2493 387 2554 uni
404 2491 448 2555 rei
468 2502 571 2555 tamen
588 2492 748 2557 invenerat
765 2494 945 2558 remedium.
980 2516 1067 2557 nam-

73 2592 117 2657 que
130 2582 309 2669 elephantos
327 2608 367 2649 ex
383 2585 475 2649 Italia
487 2588 686 2671 aansportari
699 2588 841 2663 iusserat,
859 2609 921 2670 quo
935 2595 966 2651 et
977 2587 1067 2651 miles

71 2684 156 2741 mter
171 2678 369 2763 speciemque
386 2690 417 2742 et
434 2679 578 2743 virtutem
596 2680 713 2745 bestiae
732 2693 946 2766 cognosceret,
969 2692 1000 2745 et
1017 2681 1067 2745 cui

10 2832 13 2853 ¹
67 2769 131 2845 lorti
146 2772 284 2856 corporis
306 2772 372 2836 eius
395 2772 490 2836 telum
512 2772 604 2837 facilc
626 2775 711 2859 adigi
732 2786 852 2859 posset,
880 2792 1068 2857 ornatusque

10 2858 16 2965 l
64 2877 93 2925 to
105 2860 249 2929 loricatus
268 2887 340 2930 cum
357 2876 441 2929 esset
458 2865 651 2950 elephantus,
669 2890 749 2951 quae
764 2891 835 2952 pars
849 2868 986 2951 corporis
1000 2868 1067 2931 eius

10 2974 12 2989 '
63 2954 117 3023 rina
134 2959 271 3045 tegmine
287 2959 372 3023 nuda
389 2959 624 3042 relinqueretur,
652 2971 685 3024 ut
708 2984 745 3025 eo
764 2960 825 3025 tcla
847 2961 1067 3036 conicerentur,

58 3063 222 3135 praeterea,
248 3064 282 3116 ut
300 3053 437 3117 iumenta
459 3053 628 3118 bestiarum
646 3056 772 3119 odorem
796 3054 1020 3137 stridoremque
1038 3070 1068 3118 et

57 3145 187 3231 speeiem
208 3147 431 3211 consuetudine
459 3159 550 3231 capta
575 3170 638 3211 non
663 3148 906 3212 reformidarent.
954 3146 1067 3229 quibus

55 3260 88 3305 ex
103 3238 200 3305 rebus
217 3238 344 3325 largiter
360 3251 425 3304 erat
443 3253 639 3305 consecutus.
683 3265 755 3305 nam
773 3256 804 3304 et
821 3241 933 3304 milites
951 3238 1067 3304 bestias

52 3332 194 3399 manibus
211 3334 440 3419 pertractabant
458 3357 625 3417 earumque
639 3336 813 3399 tarditatem
827 3332 1066 3419 cognoscebant,

52 3428 231 3513 equitesque
248 3428 280 3491 in
298 3450 351 3492 eos
365 3428 428 3513 pila
441 3429 610 3513 praepilato
624 3429 825 3504 coniciebant,
844 3442 937 3511 atque
949 3428 981 3491 in
995 3450 1068 3492 con-

50 3521 246 3587 suetudinem
264 3543 361 3604 equos
378 3522 527 3606 patientia
544 3521 713 3588 bostiamm
731 3524 912 3587 adduxerat.
952 3521 992 3586 ob
1010 3520 1067 3585 has
1088 3544 1118 3587 :a

49 3636 175 3691 auses,
201 3635 282 3697 quae
308 3637 403 3699 supra
428 3617 681 3694 commemoravi,
708 3615 929 3681 sollicitabatur
951 3614 1070 3681 Caesar

48 3708 227 3791 tardiorque
245 3718 276 3773 et
293 3709 514 3773 consideratior
536 3720 601 3773 emt
623 3710 726 3774 sactus
748 3721 779 3774 ct
796 3731 837 3773 ex
853 3708 983 3794 pristina
1004 3708 1069 3774 bel·

27 3798 134 3869 'leudi
151 3802 375 3867 consuetudine
397 3802 614 3885 celeritateque
636 3814 821 3867 excesserat.
865 3825 923 3867 noe
945 3802 1067 3867 mirum.

46 3895 156 3983 eopias
187 3894 271 3959 enim
296 3894 431 3960 habebat
460 3896 492 3958 in
519 3893 624 3961 Gallia
653 3895 767 3962 bellare
798 3906 962 3963 consuetas
991 3896 1067 3963 locis
