2692 5206
393 772 512 831 ΟΟΜΜ.
528 775 608 833 VIII.
625 776 745 832 21-26.
1013 762 1076 830 165

61 898 163 964 cussit.
206 920 279 964 cum
304 897 459 982 utrimque
484 898 581 985 gladii
605 899 744 966 destricti
769 902 887 980 essent,
917 924 981 967 non
1010 911 1075 967 tam

63 993 216 1079 pugnandi
242 1013 338 1077 quam
363 992 548 1079 diffugiendi
578 992 638 1058 tuit
666 1004 868 1078 utrorumque
897 996 1074 1061 consilium:

67 1098 246 1163 nostronnu,
271 1086 357 1170 quod
378 1086 538 1152 mortifero
560 1088 686 1153 vulnere
709 1087 888 1153 Commium
909 1089 1077 1156 credebant

71 1179 218 1259 affectum
244 1176 421 1258 Gallorum,
447 1181 532 1265 quod
553 1182 674 1247 insidiis
697 1184 830 1269 cognitis
852 1184 954 1269 plura,
981 1206 1076 1269 quam

10 1272 12 1297 ²
75 1274 216 1352 ridebant,
242 1274 496 1341 cxtimescebant.
544 1298 607 1360 quo
632 1277 717 1343 sacto
743 1279 890 1344 statuisse
912 1279 1076 1345 Commius

79 1366 218 1435 dicebam
241 1390 414 1454 numquam
439 1370 473 1434 in
502 1381 704 1457 conspectum
730 1373 915 1457 cuiusquam
940 1372 1076 1440 Romani

82 1482 176 1528 rente.

131 1555 372 1624 Bellicosissimis
389 1557 535 1645 gentibus
554 1558 684 1626 devictis
703 1559 836 1639 Caesar,
863 1583 935 1627 cum
956 1560 1076 1626 videret
1093 1580 1127 1629 24
1221 1639 1224 1644 ,

84 1648 178 1715 nudam
191 1651 253 1717 iam
270 1673 342 1717 esse
359 1653 529 1731 civitatem,
547 1674 628 1738 quae
646 1652 763 1719 bellum
780 1665 916 1739 pararet,
935 1678 998 1740 quo
1016 1654 1077 1721 sibi

86 1744 227 1824 resisteret,
253 1746 311 1811 sed
327 1748 492 1813 nonnullos
511 1769 551 1813 ex
573 1749 696 1833 oppidis
718 1748 906 1835 demigrare,
933 1772 973 1815 ex
990 1750 1074 1836 agris

87 1837 210 1926 dingere
221 1841 262 1907 ad
274 1864 422 1927 praesens
431 1842 597 1928 imperium
606 1843 795 1921 evitandum,
809 1844 913 1929 plures
926 1844 959 1908 in
971 1854 1076 1929 partes

88 1935 227 1999 exercitum
243 1936 397 2001 dimittere
414 1937 583 2002 constituit
626 1936 674 2001 M.
688 1936 862 2002 Antonium
879 1949 1077 2022 quaestorem

89 2044 143 2091 eum
151 2027 261 2114 legione
276 2030 460 2095 duodecima
473 2031 533 2095 sibi
546 2031 715 2118 coniungit.
744 2031 782 2097 C.
791 2031 926 2098 Fabium
938 2032 1077 2118 legatum

89 2138 143 2184 tum
155 2122 324 2189 cohortibus
337 2123 442 2189 XXV
455 2125 549 2189 mittit
560 2125 594 2189 in
607 2125 851 2191 diversissimam
864 2137 984 2211 purtem
999 2124 1077 2191 Gal-

88 2209 143 2292 l'us,
156 2218 239 2301 ,quod
259 2217 305 2282 ibi
325 2218 478 2300 quasdam
500 2219 641 2283 civitates
663 2219 696 2283 in
717 2220 811 2284 armis
834 2241 904 2285 esse
930 2218 1077 2285 audiebat

88 2326 163 2391 neque
177 2310 213 2377 C.
231 2311 400 2377 Caninium
417 2312 565 2378 Rebilum
586 2313 738 2398 legatum,
766 2315 820 2398 qui
841 2314 874 2378 in
896 2314 957 2380 illis
974 2315 1076 2401 regio-

87 2398 156 2468 nibus
170 2416 245 2482 erat,
263 2407 341 2471 satis
357 2406 464 2472 firmas
482 2407 561 2472 duas
579 2407 716 2492 legiones
734 2407 849 2472 habere
867 2407 1074 2473 existimabat.

88 2490 168 2561 litun
178 2497 354 2564 Labienum
372 2500 412 2564 ad
427 2522 461 2565 se
474 2511 597 2578 evocat3
615 2500 768 2586 legionem
783 2511 885 2565 autern
899 2500 977 2578 XV,
995 2523 1076 2585 quae

87 2605 139 2653 tum
152 2612 184 2657 eo
199 2591 302 2657 suerat
319 2594 351 2657 in
373 2593 525 2669 hibernis,
551 2594 584 2657 in
606 2604 744 2679 togatam
763 2591 898 2658 Galliam
921 2594 1014 2657 mittit
1036 2593 1077 2657 ad

85 2680 192 2751 dona
209 2686 326 2751 civium
343 2687 556 2752 Romanorum
574 2689 721 2764 tuendas,
744 2709 783 2751 ne
805 2687 889 2771 quod
911 2686 1012 2752 simile
1030 2687 1077 2750 in-

84 2780 253 2845 commodum
270 2781 424 2846 accideret
437 2781 619 2847 decursione
633 2781 845 2858 barbarorum,
864 2802 901 2844 ac
919 2779 1078 2863 superiore

83 2884 173 2940 astate
189 2875 384 2962 Tergestinis
406 2877 574 2954 occiderat,
598 2876 652 2960 qui
674 2876 836 2961 repentino
854 2873 1013 2939 latrocinio
1032 2884 1078 2937 at-

81 2982 126 3047 qte
146 2968 262 3055 impetu
284 2969 408 3034 illorum
434 2981 522 3034 erant
548 2969 700 3055 oppressi.
747 2969 816 3053 ipsc
842 2968 882 3032 ad
908 2966 1076 3032 vastandos

78 3054 352 3149 depopulandosque
365 3063 443 3127 lines
457 3062 651 3149 Ambiorigis
665 3061 883 3147 proficiscitur;
901 3083 994 3145 quem
1008 3082 1079 3146 per-

77 3154 193 3221 territum
212 3179 250 3222 ac
267 3156 440 3243 fugientem
458 3179 530 3221 cum
547 3157 647 3242 redigi
665 3179 758 3242 posse
780 3156 813 3220 in
831 3178 921 3220 suam
939 3163 1077 3239 potcsta-

75 3258 122 3313 tem
137 3250 349 3337 desperasset,
371 3251 549 3336 proximum
568 3273 643 3316 suae
661 3250 820 3335 dignitatis
844 3271 915 3314 esse
933 3247 1077 3326 ducebat,

72 3341 135 3410 rdeo
150 3344 231 3409 fines
249 3345 317 3410 eius
335 3355 458 3410 vastare
475 3345 610 3422 civibus,
629 3344 794 3421 aedificiis,
812 3364 935 3429 pecore,
953 3351 988 3406 ut
1005 3342 1078 3408 odio

69 3458 183 3505 tuemur
200 3437 384 3516 Ambiorix,
408 3439 435 3504 si
453 3460 532 3522 quos
551 3439 676 3503 fortuna
691 3438 828 3521 reliquos
846 3437 987 3514 iecisset,
1009 3437 1079 3502 nul-

66 3527 120 3598 lum
135 3532 272 3599 reditum
290 3542 416 3618 propter
437 3542 539 3597 tantas
562 3532 753 3596 calamitates
776 3530 904 3596 baberet
920 3531 954 3595 in
971 3530 1079 3594 civita-

64 3634 126 3692 tem.
153 3648 228 3692 cum
245 3627 279 3690 in
296 3649 405 3691 omncs
423 3637 526 3711 partes
544 3626 652 3690 finium
664 3625 858 3711 Ambiorigis
872 3633 926 3689 aut
939 3623 1077 3708 legiones
1096 3643 1129 3690 25

63 3730 108 3785 sut
124 3720 245 3785 auxilia
262 3720 433 3785 dimisisset
451 3730 543 3803 atque
557 3720 662 3785 omnia
674 3718 833 3796 caedibus,
850 3718 1012 3794 incendiis,
1030 3740 1080 3781 ra-

59 3814 135 3899 pinis
160 3823 332 3892 vastasset,
358 3837 473 3901 magno
494 3836 625 3879 numero
651 3813 811 3878 hominum
837 3811 999 3876 interfecto
1026 3820 1079 3874 aut

59 3920 145 3994 capto
153 3906 335 3973 Labienum
349 3930 422 3974 cum
434 3907 556 3972 duabus
570 3907 746 3993 legionibus
760 3906 793 3970 in
802 3905 957 3970 Treveros
970 3903 1078 3981 mittit;

57 4022 189 4085 quorum
215 4002 327 4067 civitas
349 4010 475 4088 propter
494 3999 682 4067 Germaniae
703 4000 894 4065 vicinitatem
916 3998 1079 4064 cotidianis

55 4096 225 4161 mercitata
241 4095 333 4162 bellis
351 4096 436 4161 cultu
455 4107 486 4161 et
503 4095 625 4160 feritate
643 4119 706 4160 non
724 4094 857 4159 multum
874 4116 894 4157 e
912 4090 1078 4158 Germanis

52 4188 219 4256 differebat
244 4211 347 4273 neque
368 4190 519 4276 imperata
546 4212 695 4273 umquam
722 4188 783 4253 nisi
809 4186 946 4252 exercitu
972 4198 1080 4252 coacte

53 4281 199 4349 iaciebat.
243 4283 369 4349 interim
387 4281 487 4350 Gaius
506 4283 658 4349 Caninius
676 4283 812 4368 legatus,
836 4302 908 4345 eum
929 4304 1077 4367 magnam
1097 4299 1130 4348 26

50 4377 287 4443 multitudinem
304 4379 488 4444 convenisse
500 4378 637 4444 hostium
650 4378 684 4442 in
696 4378 775 4442 fines
788 4376 956 4440 Pictonum
969 4375 1079 4440 litteris

51 4472 234 4557 mmtiisque
257 4472 371 4538 Durati
393 4482 608 4559 cognosceret,
635 4472 690 4556 qui
716 4480 866 4557 perpetuo
887 4470 921 4534 in
944 4469 1080 4534 amicitia

51 4576 215 4633 manserat
236 4567 465 4646 Romanorum,
491 4589 564 4633 cum
585 4589 658 4653 pars
680 4565 835 4650 quaedam
856 4563 989 4630 civitatis
1012 4563 1078 4628 eius
