2738 5272
382 414 426 451 Ἄ.

185 769 225 834 16
498 779 549 833 DE
567 776 694 835 BELLO
713 774 880 833 enunlco

184 906 297 982 latum,
324 903 409 987 quod
439 903 525 967 selus
556 925 657 987 neque
687 901 885 967 iureiurando
911 922 1012 984 neque
1039 899 1207 965 obsidibus

185 1008 348 1063 teneretur.
390 996 445 1062 sed
465 998 555 1083 peius
577 996 746 1062 victoribus
770 994 924 1080 Sequanis
946 1017 1041 1079 quam
1059 995 1207 1061 Haeduis

185 1093 276 1157 vietis
294 1092 455 1167 accidisse,
473 1101 637 1176 propterea
654 1089 738 1174 qued
751 1087 941 1167 Ariovistus,
959 1112 1015 1155 rex
1030 1087 1207 1154 Germano-

184 1210 264 1263 rum,
282 1186 315 1250 in
328 1208 436 1250 eorum
453 1184 567 1250 finibus
586 1185 780 1249 consedisset
796 1184 980 1267 tertiamque
996 1196 1121 1268 partem
1137 1184 1206 1269 agri

187 1279 334 1363 Sequani,
353 1280 407 1363 qui
425 1289 507 1343 esset
525 1279 661 1363 optimus
679 1278 773 1342 totius
787 1275 919 1353 Galliae,
938 1277 1158 1363 occupavisset
1175 1287 1206 1341 et

184 1396 268 1439 nuno
293 1375 332 1439 de
358 1374 455 1439 altera
480 1384 567 1459 parte
593 1373 685 1438 tertia
707 1371 870 1456 Sequanos
897 1372 1047 1437 decedere
1073 1372 1205 1449 iuberet,

184 1479 347 1554 propterea
363 1469 448 1551 quod
464 1468 572 1553 paucis
591 1467 750 1532 mensibus
768 1472 840 1531 ante
857 1466 1024 1531 Harudum
1045 1466 1133 1531 milia
1150 1466 1206 1531 ho·

185 1564 304 1627 minum
321 1562 465 1626 XXIIII
482 1562 523 1626 ad
545 1584 616 1626 eum
634 1561 801 1638 venissent,
820 1560 934 1644 quibus
952 1561 1039 1625 locus
1057 1583 1096 1626 ac
1114 1561 1205 1626 sedes

184 1666 375 1741 pararentur.
407 1656 546 1720 futurum
564 1677 636 1721 esse
652 1656 761 1740 paucis
779 1655 879 1731 annis,
892 1656 938 1719 uti
956 1677 1064 1720 omnes
1077 1678 1120 1719 ex
1130 1653 1206 1721 Gal·

185 1753 245 1816 liae
271 1751 386 1816 finibus
413 1750 601 1835 pellerentur
626 1760 719 1833 atque
745 1771 854 1814 omnes
882 1746 1031 1814 Germani
1056 1749 1206 1815 Rhenum

186 1847 364 1910 transirent:
391 1866 493 1928 neque
515 1845 598 1909 enim
620 1843 843 1908 eonferendum
864 1865 934 1908 esse
953 1840 1112 1909 Gallicum
1134 1866 1206 1909 enm

187 1937 414 2003 Germanorum
432 1961 517 2024 agro,
532 1960 632 2021 neque
650 1938 730 2003 hane
747 1938 1002 2002 consuetudinem
1015 1939 1119 2003 vietus
1133 1960 1206 2003 eum

185 2032 239 2096 illa
264 2032 514 2117 comparandam.
558 2031 754 2096 Ariovistum
780 2043 897 2108 autem,
925 2041 959 2095 ut
980 2031 1077 2096 semel
1096 2028 1208 2097 Galle-

185 2148 255 2189 rum
277 2126 382 2209 copias
403 2126 520 2210 proelio
542 2126 663 2202 riserit,
686 2125 771 2208 qaod
792 2126 944 2209 proelium
965 2124 1083 2190 sactum
1106 2126 1149 2190 sit
1165 2126 1207 2190 nd

185 2218 428 2304 lllagetobriam,
462 2219 594 2305 superbe
626 2230 656 2283 et
686 2220 850 2284 crudeliter
879 2221 1045 2305 imperare,
1077 2218 1207 2284 obsides

184 2312 370 2377 nobilissimi
401 2314 551 2397 cuiusque
586 2313 700 2378 liberos
730 2335 860 2398 poscere
890 2324 921 2377 et
950 2313 983 2376 in
1013 2335 1068 2378 eos
1099 2313 1207 2378 omnia

185 2406 328 2492 exempla
354 2408 569 2490 cruciatusque
596 2407 701 2483 edere,
729 2408 756 2471 si
777 2430 840 2490 qua
861 2429 911 2471 res
938 2430 1000 2472 non
1026 2406 1206 2472 adnutum

185 2510 239 2564 aut
265 2501 305 2564 ad
331 2502 522 2565 voluntatem
552 2501 619 2565 eius
646 2501 731 2565 facta
756 2501 805 2565 sit.
849 2500 1007 2565 hominem
1033 2522 1105 2565 esse
1135 2501 1207 2567 bur·

184 2595 309 2672 barum,
331 2596 527 2673 iracundum,
551 2596 762 2660 temerarium:
789 2618 851 2659 non
873 2616 967 2680 posse
989 2595 1056 2660 eius
1074 2596 1206 2682 imperia

186 2691 302 2755 diutins
321 2690 475 2756 sustineri.
520 2691 579 2755 nisi
603 2692 629 2754 si
647 2691 722 2773 quid
739 2690 771 2753 in
791 2688 926 2754 Caesare
944 2689 1123 2775 populoque
1140 2690 1203 2755 Ro-

185 2809 278 2851 rnnno
306 2787 345 2850 sit
367 2786 488 2863 auxilii,
515 2786 658 2851 omnibus
683 2783 783 2850 Gallis
810 2785 893 2850 idem
919 2807 988 2850 csse
1014 2784 1204 2863 faciendum,

185 2882 269 2964 quod
287 2880 426 2945 Helvetii
448 2880 591 2958 fecerint,
614 2891 649 2944 ut
670 2881 764 2945 domo
787 2881 953 2966 emigrent,
972 2879 1058 2944 aliud
1075 2879 1205 2945 domici·

185 2975 276 3050 lium,
295 2974 371 3038 alias
391 2974 495 3051 sedes,
515 2986 649 3039 remotas
668 2972 885 3051 adornaris,
908 2985 1015 3059 petant
1032 2972 1205 3039 fortunam-

185 3088 257 3149 que,
276 3089 491 3150 quaecumque
509 3069 639 3145 aecidat,
659 3069 864 3153 experiantur.
904 3068 982 3132 haee
1000 3069 1028 3132 si
1045 3068 1205 3133 enuntiata

155 3212 157 3219 .
184 3159 346 3222 Ariovisto
364 3160 438 3236 sint,
462 3182 525 3224 non
542 3160 696 3238 dubitare,
719 3162 851 3245 quiade
869 3160 1014 3227 omnibus
1031 3161 1204 3239 obsidibus,

185 3252 238 3332 qui
256 3252 340 3336 apud
358 3274 428 3316 eum
447 3254 517 3329 sint,
536 3255 755 3339 gravissimum
774 3256 960 3341 supplicium
979 3266 1092 3320 sumat.
1124 3254 1207 3321 Cae-

187 3366 288 3407 sarem
314 3344 364 3408 vcl
389 3346 570 3411 auctoritate
597 3371 654 3412 sua
684 3360 778 3432 atque
809 3350 977 3426 exereitus,
1008 3349 1058 3413 vel
1089 3350 1206 3415 recenti

186 3438 327 3516 lictoris,
350 3439 401 3503 vel
421 3441 546 3505 nomino
568 3443 675 3526 pepuli
697 3444 831 3507 Romani
853 3445 1005 3508 deterrere
1031 3465 1140 3528 posse,
1165 3466 1205 3508 ne

186 3532 284 3597 maior
305 3534 470 3598 multitudo
494 3533 721 3600 Germanorum
742 3537 888 3601 Rhenum
911 3538 1104 3615 traducatur,
1128 3536 1206 3603 Gal-

186 3625 321 3710 liamque
357 3649 480 3692 omnem
511 3629 551 3693 ab
578 3628 730 3695 Ariovisti
761 3630 874 3694 iniuria
903 3652 996 3715 posse
1026 3630 1204 3695 defendere.

134 3744 165 3791 32
185 3722 243 3786 hae
270 3722 407 3787 oratione
433 3723 473 3788 ab
499 3724 658 3789 Divitiaeo
689 3724 796 3789 habita
826 3746 949 3801 omnes,
980 3725 1035 3808 qui
1065 3724 1204 3800 aderant,

185 3839 299 3902 magno
322 3817 396 3881 fletu
417 3818 567 3882 auxilium
590 3842 609 3883 a
632 3818 768 3884 Caesare
790 3829 895 3903 petere
917 3830 1095 3903 coeperunt.
1138 3819 1206 3883 ani·

184 3912 349 3976 madvertit
363 3911 481 3978 Caesar
498 3936 577 3977 unos
595 3936 635 3977 ex
653 3913 797 3977 omnibus
817 3911 980 3997 Sequanos
1003 3913 1079 3976 nihil
1098 3934 1205 3978 earum

184 4026 288 4068 rerum
318 4005 434 4083 faeere,
462 4028 541 4090 quas
572 4007 666 4071 ceteri
696 4007 938 4092 facerent‚(sed
968 4008 1072 4071 tristes
1104 4007 1205 4092 eapite

184 4096 320 4161 demisso
334 4108 446 4163 terram
464 4096 605 4201 intueri.)
618 4101 684 4165 eius
702 4102 746 4164 rei
761 4123 856 4165 eausa
869 4122 949 4184 quae
963 4110 1056 4178 esset,
1075 4100 1205 4165 miratus

185 4210 224 4250 ex
241 4189 317 4271 ipsis
335 4194 476 4272 quaesiit.
508 4193 583 4258 nihil
599 4193 737 4277 Sequani
755 4194 953 4279 respondere,
972 4195 1078 4260 sedin
1095 4195 1205 4260 eadem

185 4279 308 4344 tristitia
326 4284 409 4346 taciti
436 4308 626 4370 pennonere.
672 4310 743 4352 eum
765 4287 805 4350 ab
823 4288 872 4353 his
895 4289 1020 4373 saepius
1042 4298 1205 4371 quaereret

184 4395 285 4457 neque
303 4375 398 4439 ullam
416 4382 541 4445 omnino
559 4404 668 4446 vocem
687 4382 858 4466 exprimere
877 4393 993 4467 posset,
1012 4383 1096 4448 idem
1113 4383 1204 4446 Disi-

185 4468 283 4533 tiaeus
306 4468 460 4534 Haeduus
482 4476 656 4560 respondit:
683 4476 744 4541 hoe
766 4499 835 4541 esse
863 4477 1054 4542 miseriorem
1080 4478 1205 4563 gravio-

184 4583 311 4647 remque
329 4563 484 4630 sortunam
500 4565 715 4654 Sequanorum
733 4593 808 4657 prae
825 4571 1024 4656 reliquorum,
1042 4573 1129 4657 quod
1146 4571 1205 4638 soli
