2738 5272
183 709 247 776 200
524 721 576 776 DE
594 721 721 777 BELLO
741 720 861 778 ClVILI

183 848 312 914 consilio
330 854 476 922 uteretur,
496 854 589 929 atque
606 867 715 910 omnes
734 846 801 911 sine
814 845 923 909 timore
937 843 994 908 iter
1007 841 1152 907 facerent
1165 845 1219 908 usi

184 943 379 1026 superiorum
396 950 572 1024 temporum
589 951 683 1023 atque
700 940 845 1003 itinerum
861 937 994 1002 licentia.
1022 948 1112 1000 erant
1127 959 1218 1002 eom-

183 1036 289 1122 plures
302 1035 426 1100 honesti
439 1033 664 1111 adulescentes,
684 1044 861 1098 senatorum
876 1032 932 1095 filii
945 1041 974 1095 et
988 1031 1106 1095 ordinis
1117 1053 1218 1114 eque-

185 1131 270 1207 stris3
290 1138 376 1193 erant
389 1128 560 1214 legationes
575 1128 751 1204 civitatum3
765 1137 852 1191 crant
865 1125 960 1211 legati
971 1123 1130 1190 Caesaris.
1156 1125 1216 1189 hos

183 1246 292 1289 omnes
306 1221 436 1286 flumina
448 1221 657 1285 continebant.
685 1222 725 1285 ad
738 1220 797 1284 hos
812 1220 1031 1307 opprimendos
1042 1241 1116 1283 cum
1127 1220 1217 1283 omni

184 1317 322 1401 equitatu
341 1315 503 1397 tribusque
516 1315 693 1400 legionibus
707 1314 859 1378 Afranius
873 1314 912 1377 de
930 1324 1021 1377 noete
1038 1312 1217 1396 proficisci·

184 1423 233 1475 tur
250 1410 524 1495 imprudentesque
538 1419 609 1472 ante
623 1408 727 1473 missis
743 1407 898 1490 equitibus
912 1406 1101 1492 aggreditur.
1132 1405 1215 1471 cele-

183 1507 256 1570 riter
274 1527 343 1570 sese
362 1515 466 1568 tamen
481 1502 565 1569 Galli
579 1505 699 1587 equites
714 1503 883 1588 expediunt
896 1503 1111 1588 proeliumque
1126 1525 1214 1567 com-

183 1601 319 1664 mittunt.
354 1599 386 1676 ii,
405 1599 481 1663 dum
498 1598 566 1684 pari
584 1599 750 1663 certamine
767 1621 818 1662 res
837 1598 903 1683 geri
921 1598 1033 1683 potuit,
1056 1620 1213 1682 magnum

183 1694 320 1759 hostium
338 1715 503 1757 numerum
520 1693 612 1778 pauci
630 1693 821 1769 sustinuere;
840 1692 909 1769 sed,
929 1691 984 1755 ubi
1003 1691 1094 1775 signa
1111 1691 1215 1778 legio·

182 1812 259 1852 num
276 1787 524 1872 appropinquare
542 1798 719 1872 coeperunt,
738 1786 847 1871 paucis
866 1785 989 1850 amissis
1008 1807 1077 1849 sese
1091 1786 1126 1848 in
1141 1809 1215 1871 pro-

182 1883 284 1947 ximos
311 1891 432 1945 montes
461 1880 632 1945 conferunt.
677 1882 737 1945 hoe
762 1903 886 1966 pugnae
909 1890 1030 1964 tempus
1056 1903 1215 1965 magnum

184 1977 286 2041 attulit
304 1976 417 2040 nostris
436 1976 626 2040 adsalutem
645 1986 851 2040 momentum:
870 1975 953 2038 nacti
971 1974 1053 2038 enim
1072 1976 1214 2058 spatium

184 2093 218 2134 se
236 2072 269 2133 in
285 2070 354 2134 loca
373 2069 532 2154 superiora
549 2081 739 2154 receperunt.
768 2069 934 2134 desiderati
953 2078 1025 2133 sunt
1041 2090 1079 2132 eo
1094 2069 1149 2133 die
1164 2093 1216 2134 sa-

183 2163 299 2248 gittarii
316 2163 438 2227 circiter
456 2161 524 2239 CC,
545 2163 664 2246 equites
682 2163 784 2248 pauci,
804 2163 949 2227 calonum
966 2174 1059 2245 atque
1078 2163 1216 2247 impedi-

132 2277 164 2324 52
186 2267 360 2320 mentorum
377 2279 440 2320 non
457 2279 591 2342 magnus
610 2280 768 2323 numerus.
803 2257 853 2320 his
872 2268 975 2320 tamen
994 2255 1142 2320 omnibus
1157 2280 1215 2320 an-

182 2373 266 2414 nona
287 2350 397 2428 erevit3
424 2372 505 2433 quae
526 2350 592 2414 sere
613 2373 664 2415 res
688 2375 750 2415 non
775 2351 875 2415 solum
898 2350 1002 2434 inopia
1023 2353 1213 2433 praesentis,

184 2445 240 2509 sed
262 2444 355 2508 etiam
377 2445 474 2508 futuri
497 2445 644 2529 temporis
668 2446 777 2511 timore
799 2446 1016 2529 ingravescere
1035 2447 1213 2509 consuevit.

182 2539 307 2621 iamque
325 2537 365 2602 ud
383 2538 526 2603 denarios
544 2539 575 2602 L
595 2539 627 2602 in
650 2539 792 2623 singulos
816 2539 936 2602 modios
955 2559 1080 2601 annona
1097 2561 1214 2622 perve-

182 2643 279 2709 nerat,
299 2642 329 2696 et
347 2631 479 2695 militum
497 2632 578 2697 vires
597 2632 702 2717 iuopia
720 2632 866 2696 frumenti
885 2632 1090 2707 derninuerat,
1115 2643 1214 2715 atque

182 2727 380 2790 incommoda
400 2726 433 2789 in
455 2727 521 2790 dies
544 2725 752 2811 augebantur;
782 2723 841 2810 [et]
871 2737 935 2789 tam
961 2727 1068 2810 paucis
1096 2726 1213 2791 dicbus

182 2843 297 2906 magna
320 2831 385 2885 erat
406 2843 510 2884 rerum
532 2820 616 2884 fecta
639 2820 839 2884 commutatio
862 2842 898 2883 ac
922 2842 955 2883 sc
978 2821 1103 2883 fortuna
1120 2819 1213 2883 incli-

182 2925 319 2989 naverat,
339 2924 373 2976 ut
391 2915 488 2977 nostri
507 2937 622 2999 magna
638 2915 744 2998 inopia
757 2915 1003 2978 necessariarum
1016 2935 1120 2977 rerum
1134 2935 1214 2978 eon-

182 3007 385 3083 flictarentur,
411 3006 456 3070 illi
474 3007 618 3071 omnibus
641 3007 836 3072 abundarent
853 3007 945 3071 rebus
969 3008 1212 3091 superioresque

182 3099 378 3163 haberentur.
408 3099 527 3164 Cacsar
544 3102 582 3163 iis
601 3101 788 3178 civitatibus,
809 3124 889 3184 quac
903 3102 943 3165 ad
957 3103 1023 3165 cius
1038 3103 1212 3166 anricitiarn

182 3203 391 3267 accesserant,
419 3194 504 3274 quod
527 3194 626 3257 minor
648 3204 714 3258 crat
735 3194 882 3258 frumenti
905 3196 1006 3279 copia,
1034 3216 1131 3279 pecus
1149 3196 1213 3259 im-

181 3284 324 3369 perabat3
343 3285 467 3350 calones
477 3288 517 3350 ad
530 3287 762 3372 longinquiores
777 3289 917 3353 civitates
932 3289 1121 3367 dimittebat3
1140 3290 1212 3374 ipse

182 3388 379 3463 praesentem
404 3379 542 3464 inopiam
568 3381 681 3464 quibus
708 3393 830 3466 poterat
862 3383 1010 3448 subsidiis
1037 3382 1210 3448 tutabatur.

133 3496 164 3542 53
183 3473 261 3536 haee
278 3471 430 3538 Afra-nius
448 3473 653 3559 Petreiusque
672 3487 826 3541 eteorum
845 3478 935 3541 aurici
954 3478 1095 3562 pleniora
1113 3478 1210 3544 etiam

183 3577 275 3649 atque
289 3566 432 3632 uberiora
440 3568 574 3633 Romam
588 3572 628 3634 ad
642 3593 716 3635 suos
725 3571 967 3655 perscribebant.
990 3572 1088 3636 multa
1100 3596 1213 3638 rumor

183 3661 367 3746 affingebat,
391 3673 425 3725 ut
442 3685 541 3747 paene
559 3664 676 3728 bellum
694 3666 869 3728 confectum
889 3665 1053 3729 videretur.
1090 3668 1211 3748 quibus

182 3754 291 3818 litteris
309 3756 487 3839 nuntiisque
505 3757 639 3822 Romam
657 3759 783 3842 perlatis
802 3759 908 3844 magni
930 3759 1057 3823 (lonium
1076 3782 1212 3825 concur-

183 3873 238 3914 sus
256 3851 295 3914 ad
313 3850 482 3915 Afranium
499 3875 694 3938 magnaeque
711 3854 935 3938 gratulationes
958 3854 1088 3930 fiebant3
1116 3856 1210 3919 multi

183 3967 222 4008 ex
239 3944 331 4009 Italia
348 3946 389 4009 ad
408 3945 466 4010 Cn.
480 3945 667 4031 Pompeium
685 3947 969 4031 proficiscebantur,
989 3949 1050 4025 ulii,
1071 3958 1104 4012 ut
1122 3950 1211 4033 prin-

183 4038 268 4121 cipes
286 4039 380 4103 talem
397 4041 538 4104 nuntium
558 4041 712 4116 attulisse,
740 4041 806 4117 alii,
834 4064 873 4104 nc
896 4053 1042 4105 eventum
1060 4042 1136 4106 belli
1154 4067 1211 4107 ex-

183 4141 341 4214 spectasse
368 4144 421 4198 aut
447 4156 486 4198 ex
512 4136 656 4200 omnibus
682 4136 845 4200 novissimi
871 4137 994 4200 venisse
1016 4137 1209 4203 siderentur.

133 4245 164 4292 54
183 4246 254 4287 cum
272 4225 304 4288 in
322 4226 370 4290 lris
388 4230 540 4314 angustiis
560 4252 609 4294 res
627 4241 719 4305 esset,
739 4240 831 4312 atque
850 4253 958 4294 omnes
972 4231 1041 4294 siue
1055 4230 1095 4294 ab
1108 4230 1210 4295 Afra-

182 4317 282 4381 nianis
301 4320 449 4386 militibus
463 4324 680 4406 equitibusque
696 4324 919 4402 obsiderentur,
938 4347 997 4389 nec
1010 4336 1120 4410 pontes
1135 4348 1209 4409 per-

182 4411 233 4475 fici
250 4424 391 4495 possent,
419 4414 550 4500 imperat
573 4417 721 4482 militibus
741 4418 872 4494 Cacsar,
901 4429 935 4481 ut
957 4441 1053 4482 navos
1076 4419 1206 4495 faciant,

183 4505 270 4570 euius
302 4508 425 4592 generis
456 4531 527 4574 cum
559 4511 769 4596 superioribus
800 4513 888 4577 annis
919 4534 995 4576 usus
1021 4512 1208 4578 Britanniae
