2738 5272
182 758 245 823 316
497 767 610 821 BELLI
629 765 898 823 ALEXANDRINI

181 906 248 956 tum
265 891 422 976 Hispalim
442 890 543 954 mittit.
570 891 678 974 paucis
696 891 724 955 ei
742 889 852 956 dicbus
870 891 998 955 affertur
1015 912 1214 959 conventum

182 986 420 1052 Cordubenscm
437 983 477 1050 ab
495 1006 532 1048 eo
550 983 702 1049 defecisse
715 983 961 1068 Marcellumque
976 997 1029 1050 aut
1043 986 1213 1054 voluntate

181 1092 235 1146 aut
256 1081 441 1146 necessitate
464 1077 632 1142 abductum
655 1078 804 1161 (namque
827 1079 859 1143 id
880 1080 964 1144 varie
987 1080 1210 1164 nuntiabatur)

181 1174 354 1240 consentire
373 1196 445 1238 cum
460 1171 730 1250 Cordubensibus3
749 1173 827 1239 duas
846 1173 988 1238 cohortes
1006 1173 1143 1260 legionis
1166 1176 1209 1252 V,

181 1291 261 1351 quae
279 1267 402 1333 fuerant
416 1264 581 1332 Cordubae
599 1265 631 1329 in
647 1266 812 1350 praesidio,
831 1267 914 1331 idern
927 1266 1039 1332 facere.
1069 1266 1210 1336 Cassius

181 1362 230 1428 his
248 1362 341 1426 rebus
359 1362 504 1425 incensus
522 1371 626 1425 movet
642 1371 745 1424 eastra
767 1369 797 1424 et
814 1372 939 1445 postero
961 1361 1012 1426 die
1031 1359 1209 1448 Segoviam

181 1456 222 1520 ad
239 1456 355 1519 flumen
373 1450 582 1519 *Siciliense*
600 1453 693 1517 venit
724 1452 768 1517 ibi
786 1452 892 1519 habita
909 1455 1050 1519 contione
1069 1455 1209 1521 militum

182 1561 279 1615 tentat
297 1550 433 1626 animos;
456 1570 534 1631 quoe
553 1547 714 1632 cognoscit
731 1570 794 1612 non
812 1571 883 1625 sua,
907 1550 963 1613 sed
982 1548 1131 1615 Caesaris
1151 1552 1210 1616 ab·

182 1644 279 1709 sentis
297 1665 393 1708 causa
410 1641 471 1707 sibi
487 1641 654 1708 fidissimos
673 1665 743 1706 esse
760 1642 940 1727 nullumque
958 1644 1132 1728 periculum
1153 1647 1211 1710 dc-

181 1747 374 1823 prccaturos,
401 1736 475 1799 dum
498 1758 553 1821 per
575 1759 628 1801 cos
649 1734 777 1801 Caesari
800 1737 959 1822 provincia
980 1739 1209 1804 restitueretur.

131 1849 164 1899 os
182 1831 304 1896 interim
327 1831 462 1895 Thorius
488 1830 528 1894 ad
551 1829 730 1895 Cordubam
758 1841 877 1895 veteres
903 1831 1042 1916 legiones
1066 1833 1210 1910 adducit,

181 1948 219 1991 ao
235 1949 275 1991 ne
292 1923 495 1990 dissensionis
513 1925 634 1988 initium
651 1936 758 1989 natum
776 1925 924 1989 seditiosa
936 1925 1068 1989 militum
1084 1948 1211 2009 suaque

181 2030 292 2084 natura
314 2019 481 2094 videretur,
505 2018 598 2083 simul
621 2029 654 2082 ut
676 2030 783 2083 contra
800 2017 841 2102 Q.
861 2018 1022 2095 Cassium,
1050 2020 1104 2102 qui
1123 2019 1213 2085 Cae-

184 2114 263 2179 saris
286 2113 410 2178 nomine
432 2111 600 2177 maioribus
623 2111 741 2176 viribus
760 2114 804 2176 uti
826 2113 1001 2190 videbatur,
1031 2136 1132 2196 aeque
1154 2137 1213 2200 po-

184 2217 299 2271 tentem
317 2217 485 2292 opponeret
503 2206 695 2291 dignitatem,
715 2205 774 2270 Cu.
789 2206 941 2291 Pompeio
960 2228 993 2271 se
1010 2207 1214 2291 provinciam

183 2300 355 2384 reciperare
377 2298 456 2363 vello
479 2300 581 2384 palam
605 2299 774 2364 dictitabat.
819 2314 849 2364 et
875 2301 1005 2365 forsitan
1028 2301 1123 2364 ctiam
1149 2301 1216 2367 boe

183 2392 290 2458 fecerit
307 2394 378 2457 odio
394 2392 538 2457 Caesada
558 2404 588 2457 ct
606 2416 710 2457 amore
724 2392 865 2478 Pompei,
885 2395 973 2458 cuius
992 2417 1107 2458 nomen
1126 2397 1215 2460 mul·
1247 2438 1249 2442 =

183 2498 249 2550 tum
267 2496 387 2572 poterut
404 2487 487 2571 apud
505 2510 558 2551 eas
576 2487 724 2572 legiones,
743 2510 821 2570 quas
839 2486 886 2551 Μ.
901 2488 1001 2552 Varro
1018 2487 1213 2554 obtinuerat.

184 2581 240 2644 scd
258 2580 303 2657 id,
330 2602 393 2662 qua
410 2594 526 2657 mente,
550 2581 723 2645 communis
743 2592 807 2644 crat
825 2583 1015 2645 coniectura:
1043 2592 1125 2644 certo
1148 2583 1214 2647 boc

183 2697 256 2760 prae
274 2696 308 2738 se
327 2673 461 2738 Thorius
479 2674 612 2751 ferebat3
640 2675 752 2739 milites
775 2675 852 2738 adeo
874 2675 1063 2751 fatebantur,
1091 2687 1126 2739 ut
1148 2677 1213 2741 Cn.

184 2769 315 2854 Pompei
336 2791 450 2834 nomen
477 2769 510 2832 in
534 2769 630 2832 scutis
648 2769 830 2852 inscriptum
848 2768 1006 2833 baberent.
1054 2768 1212 2852 frequens

183 2865 357 2951 legionibus
380 2877 550 2929 conventus
574 2864 697 2929 obviam
725 2865 827 2949 prodit
852 2886 953 2946 neque
981 2876 1101 2927 tantum
1123 2865 1214 2929 viro-

182 2981 261 3035 rum,
281 2959 337 3022 scd
355 2960 447 3023 etiam
466 2970 598 3022 matrum
616 2958 751 3022 familias
770 2980 806 3021 ac
819 2969 1080 3042 praetextatorum
1096 2957 1215 3042 depre-

183 3064 340 3135 caturque,
360 3076 398 3116 ne
416 3052 520 3117 hostili
538 3053 675 3117 adventu
690 3050 869 3116 Cordubam
883 3052 1063 3135 diriperent:
1083 3074 1160 3115 narn
1177 3076 1213 3116 sc

183 3157 291 3211 contra
313 3147 459 3211 Cassium
483 3148 596 3212 sentire
623 3171 692 3212 cum
720 3145 878 3223 omnibus3
906 3158 1012 3210 eontra
1036 3146 1214 3211 Caesarem

133 3259 164 3306 ou
183 3263 222 3303 ne
240 3241 386 3318 facerent,
405 3265 502 3307 orare.
530 3254 632 3307 tantae
647 3240 852 3306 multitudinis
866 3241 1010 3323 precibus
1025 3251 1055 3304 ct
1068 3240 1212 3306 lacrimis

183 3334 335 3398 exercitus
359 3348 532 3400 commotus
556 3359 627 3399 cum
649 3336 768 3399 videret
789 3334 829 3396 ad
848 3332 994 3398 Cassium
1018 3356 1213 3418 persequen-

184 3426 258 3491 dum
276 3428 351 3491 nibil
370 3452 448 3513 opus
467 3452 536 3494 esse
551 3429 609 3494 Cn.
624 3429 754 3513 Pompei
769 3428 892 3492 nomine
907 3440 937 3492 et
951 3427 1108 3502 memoria,
1128 3437 1214 3491 tum-

183 3544 244 3604 que
258 3523 401 3587 omnibus
413 3522 609 3588 Caesarianis
624 3546 717 3606 quam
726 3523 925 3606 Pompeianis
940 3523 1121 3606 Longinum
1135 3543 1213 3585 esse

183 3617 216 3680 in
233 3617 314 3693 odio,
334 3640 434 3700 neque
453 3642 486 3682 se
504 3628 690 3683 conventum
708 3639 808 3699 neque
827 3615 873 3679 Μ.
892 3615 1076 3679 Marcellum
1096 3626 1211 3679 contra

186 3709 331 3775 Caesaris
345 3734 471 3776 causam
486 3735 579 3796 posse
592 3711 770 3795 perducere,
784 3733 897 3772 nomen
907 3709 1038 3794 Pompei
1053 3731 1093 3771 cx
1108 3709 1211 3772 scutis

185 3805 392 3880 detraxerunt,
411 3805 606 3880 Marcellum,
625 3805 678 3886 qui
698 3827 731 3867 se
750 3802 895 3867 Caesaris
915 3826 1040 3867 causam
1059 3801 1213 3865 defensu-

185 3922 253 3962 rum
272 3898 486 3983 profitebatur,
514 3899 625 3961 ducem
644 3898 820 3962 asciverunt
843 3908 1077 3981 praetoremque
1100 3895 1213 3978 appel-

186 3991 287 4055 larunt
309 4002 339 4055 et
361 4003 548 4056 conventum
572 3990 632 4055 sibi
654 3992 861 4054 adiunxerant
883 4001 1046 4073 castraque
1068 3988 1108 4051 ad
1128 3987 1213 4052 Cor-

185 4084 301 4148 dubam
322 4096 501 4169 posuerunt.
548 4084 678 4150 Cassius
702 4107 738 4149 eo
763 4084 857 4147 biduo
884 4084 1004 4147 circiter
1030 4081 1099 4144 [ΙΙΙ
1121 4082 1214 4146 milia

185 4200 336 4263 passuum
358 4202 378 4242 a
396 4177 545 4242 Corduba
568 4180 644 4243 citra
666 4177 781 4241 flumen
804 4177 927 4242 Baetim
950 4178 981 4239 in
1004 4175 1110 4260 oppidi
1133 4195 1213 4239 con·

188 4283 296 4356 spectu
313 4271 382 4336 loco
401 4271 524 4336 excelso
542 4272 617 4336 facit
635 4283 750 4348 castra3
773 4272 890 4335 litteras
913 4272 953 4334 ad
975 4292 1079 4354 regem
1099 4267 1210 4353 Bogu-

188 4365 259 4428 dem
273 4365 303 4426 in
313 4363 534 4429 Mauritaniam
549 4375 579 4428 et
589 4364 635 4428 M.
646 4367 803 4450 Lepidum
818 4364 1034 4449 proconsulem
1049 4362 1214 4447 iuliispa-

189 4458 271 4522 niam
281 4458 454 4522 citeriorem
468 4459 569 4535 mittit,
585 4460 725 4524 subsidio
740 4460 798 4524 sibi
813 4459 1051 4544 provinciaeque
1062 4455 1212 4522 Caesaris

189 4573 284 4615 causa
300 4573 393 4634 quam
412 4553 546 4636 primum
565 4553 691 4617 veniret.
719 4553 786 4637 ipse
799 4553 903 4618 hostili
917 4552 1010 4617 modo
1025 4549 1213 4615 Corduben-
