2692 5206
451 819 569 877 COMM.
587 822 637 877 111.
654 820 776 877 30-38.
1061 810 1122 874 2ῦ1

98 949 136 1014 in
153 946 317 1013 obsidione
335 944 520 1023 habuerant,
543 944 682 1030 legiones
701 945 882 1029 equitesque
900 967 940 1011 ex
958 943 1052 1032 Syria
1068 947 1125 1012 de-

99 1042 245 1107 duxerat.
281 1060 498 1122 summamque
521 1038 553 1102 in
572 1038 811 1103 sollicitudinem
833 1061 871 1103 ac
888 1040 1030 1106 timorem
1047 1040 1126 1106 Par·

100 1134 179 1198 thici
201 1131 274 1199 belli
295 1131 455 1217 provincia
477 1153 549 1196 cum
570 1131 720 1209 venisset,
747 1153 783 1196 ac
805 1133 971 1198 nonnullae
992 1134 1125 1200 militum

101 1248 199 1292 voces
216 1247 288 1290 cum
305 1224 498 1302 audirentur,
518 1247 603 1301 sese,
622 1234 729 1289 contra
746 1224 868 1289 hostem
886 1226 913 1290 si
930 1226 1124 1305 ducerentur,

100 1322 216 1397 ituros,
243 1330 350 1384 contra
367 1318 468 1382 civem
490 1328 522 1383 et
539 1318 698 1382 consulem
721 1341 808 1382 arma
828 1342 890 1383 non
912 1318 1044 1397 laturos,
1072 1321 1126 1386 de-

101 1413 206 1479 ductis
214 1412 405 1499 Pergamum
419 1422 512 1497 atque
525 1413 557 1476 in
570 1412 830 1498 locupletissimas
844 1413 938 1478 mbes
950 1414 984 1478 in
996 1413 1126 1479 hiberna

101 1505 279 1594 legionibus
301 1506 454 1570 maximas
481 1505 660 1592 largitiones
688 1505 763 1572 lecit
788 1516 819 1570 et
845 1506 1125 1573 confirmandorum

100 1600 235 1665 militum
253 1622 349 1665 causa
365 1599 552 1684 diripiendas
566 1599 615 1665 his
628 1600 768 1665 civitates
782 1599 875 1665 dedit.
903 1601 1026 1667 interim
1038 1624 1123 1667 acer·
1141 1623 1173 1669 aa
1220 1663 1221 1668 ,
1259 1640 1261 1645 -

103 1694 233 1760 bissime
258 1693 428 1779 imperatae
453 1693 603 1779 pecuniae
631 1704 696 1758 tota
721 1694 883 1779 provincia
912 1695 1125 1782 exigebantur.

101 1788 203 1853 multa
226 1798 386 1874 praeterea
410 1788 582 1874 generatim
604 1788 650 1859 ad.
671 1789 833 1852 avaritiam
860 1790 1124 1876 excogitabantur.

100 1884 137 1947 in
157 1881 260 1967 capita
282 1881 406 1967 singula
427 1904 587 1947 servorum
610 1905 648 1947 ac
670 1881 837 1947 liberorum
859 1882 1008 1948 tributum
1025 1884 1125 1969 impo-

101 1974 250 2054 nebatur3
272 1975 476 2053 columnaria,
495 1976 634 2053 ostiaria,
652 1976 857 2054 frumentum,
879 1976 1008 2055 milites,
1027 2000 1123 2055 arma,

100 2069 248 2155 remiges,
266 2078 427 2145 tormenta,
446 2078 591 2134 vecturae
609 2069 852 2155 imperabantur3
871 2070 960 2135 cuius
974 2071 1068 2136 modo
1081 2072 1126 2135 rei

100 2185 218 2229 nomen
234 2163 361 2248 reperiri
378 2173 512 2249 poterat,
535 2162 596 2229 hoc
613 2165 689 2229 satis
707 2186 777 2229 esse
795 2164 836 2229 ad
857 2166 1014 2251 cogendas
1030 2187 1126 2251 pecu-

101 2257 172 2323 nias
190 2255 361 2321 videbatur.
389 2279 453 2321 non
467 2257 568 2321 solum
582 2257 722 2334 urbibus,
742 2258 798 2322 sed
810 2280 909 2342 paene
923 2259 1000 2324 vicis
1014 2259 1126 2324 costel-

100 2352 205 2437 lisque
227 2351 358 2438 singulis
381 2374 453 2416 cum
474 2352 603 2438 imperio
625 2352 891 2438 praeficiebantur.
935 2355 988 2439 qui
1015 2354 1127 2418 horum

102 2447 181 2533 quid
198 2447 397 2514 acerbissime
415 2448 690 2531 crudelissimeque
707 2448 833 2526 lecerat,
852 2448 879 2512 is
897 2458 929 2514 et
946 2449 993 2513 vir
1005 2460 1037 2513 et
1049 2449 1126 2514 ciris

102 2542 241 2628 optimus
263 2540 444 2605 habebatur.
489 2552 554 2606 crat
575 2541 669 2626 plena
694 2542 837 2605 lictorum
859 2552 890 2605 et
916 2542 1127 2627 apparitorum

101 2635 273 2721 provincia,
291 2635 414 2699 differta
427 2636 591 2720 praefectis
605 2646 697 2718 atque
711 2635 922 2713 exactoribus;
940 2637 994 2720 qui
1006 2647 1128 2721 praeter

102 2731 271 2815 imperatas
293 2729 441 2814 pecunias
464 2752 522 2795 suo
544 2729 637 2794 ctiam
659 2729 779 2813 privato
806 2729 990 2814 compendio
1013 2729 1128 2794 servic-

103 2822 194 2888 bant:
215 2822 398 2887 dictitabant
416 2823 498 2887 enim
516 2845 550 2888 sc
569 2823 662 2887 dorne
679 2822 839 2907 patriaque
861 2821 1009 2907 expulsos
1027 2822 1126 2884 omni-

101 2917 164 2983 bus
181 2918 366 2984 necessariis
384 2941 476 3004 egere
494 2918 597 2996 rebus,
618 2928 651 2982 ut
663 2918 794 2983 honesta
807 2918 1047 3003 praescriptione
1061 2940 1127 2981 rem

101 3012 316 3099 turpissimam
343 3021 491 3098 tegerent.
537 3011 726 3077 accedebant
752 3013 792 3077 ad
818 3012 896 3078 haec
923 3011 1127 3098 gravissimae

101 3130 233 3185 usurae,
260 3107 345 3191 quod
361 3107 394 3171 in
411 3106 493 3173 bello
515 3108 697 3192 plerumque
719 3108 858 3172 accidere
881 3107 1043 3172 consuevit
1059 3107 1128 3171 uni-

100 3198 204 3266 versis
220 3200 380 3286 imperatis
396 3201 551 3286 pecuniis;
569 3201 682 3284 quibus
698 3201 731 3265 in
744 3201 837 3266 rebus
850 3200 1053 3285 prolationem
1066 3201 1127 3265 diei

101 3293 304 3359 donationem
322 3316 392 3359 esse
409 3294 563 3359 dicebaut.
602 3295 708 3379 itaque
726 3318 779 3360 aes
798 3295 932 3360 alienum
950 3295 1128 3380 provinciae

101 3410 142 3453 eo
160 3386 286 3453 biennio
304 3387 543 3473 multiplicatum
565 3400 622 3453 est.
662 3411 763 3472 neque
785 3389 887 3453 minus
910 3388 950 3453 eb
968 3411 1037 3453 carn
1055 3412 1129 3453 cau·

100 3504 174 3547 sam
191 3480 312 3547 civibus
325 3481 477 3547 Romanis
496 3482 562 3548 eius
580 3483 767 3567 provinciae,
787 3483 887 3548 sedin
901 3482 1040 3568 singulos
1055 3505 1129 3547 con·

99 3586 217 3641 ventus
235 3575 436 3663 singulasque
454 3576 595 3641 civitates
610 3588 710 3640 certae
723 3577 873 3661 pecuniae
885 3575 1126 3662 imperabantur,

101 3680 294 3753 mutuasque
301 3668 372 3735 illas
382 3692 421 3735 cx
430 3670 701 3735 senatusconsulto
715 3670 799 3756 exigi
812 3670 1009 3747 dictitabant3
1026 3669 1129 3755 publi-

101 3762 203 3840 canis,
221 3762 308 3827 utin
325 3761 419 3849 Syria
435 3764 588 3841 fecerant,
607 3764 798 3847 insequentis
816 3764 889 3828 anni
906 3763 1040 3849 vectigal
1057 3786 1128 3848 pro-

101 3864 260 3921 mutuum.
291 3867 451 3941 praetcrea
467 3856 588 3942 Ephesi
606 3882 625 3922 a
642 3856 716 3921 lano
733 3857 857 3922 Dianae
875 3856 1032 3942 depositas
1051 3856 1129 3920 anti-

101 3948 212 4033 quitus
229 3950 377 4035 pecunias
397 3948 504 4036 Scipio
522 3951 588 4016 tolli
605 3950 741 4016 iubebat.
769 3962 913 4034 certaque
931 3951 998 4015 eius
1016 3950 1061 4014 rei
1078 3949 1128 4014 die

102 4042 274 4108 constituta
283 4065 354 4107 curn
363 4043 396 4107 in
405 4044 514 4109 sanum
523 4054 651 4110 ventum
659 4056 742 4110 esset
756 4044 902 4110 adhibitis
917 4043 1128 4130 compluribus

101 4135 253 4201 senatorii
269 4136 396 4215 ordinis,
414 4160 494 4221 quos
513 4139 718 4204 advocaverat
736 4137 857 4224 Scipio,
875 4138 994 4203 litterae
1012 4137 1041 4202 ei
1059 4140 1129 4202 red-

100 4229 421 4316 dunturaPompeio,
430 4255 515 4298 marc
524 4234 673 4298 transisse
682 4255 754 4298 cum
762 4232 938 4318 legionibus
945 4230 1127 4298 Caesarem:

99 4335 285 4411 properaret
296 4326 339 4391 ad
351 4348 386 4392 se
394 4348 466 4392 cum
479 4328 616 4393 exercitu
625 4327 730 4393 venire
740 4327 905 4410 omniaque
918 4327 1126 4413 posthaberet.

99 4420 153 4485 his
170 4418 282 4486 litteris
300 4422 437 4507 acceptis
455 4445 534 4507 quos
553 4424 760 4488 advocaverat
778 4421 917 4499 dimittit;
935 4423 1002 4508 ipse
1020 4422 1078 4487 iter
1095 4423 1127 4486 in

98 4512 326 4581 Macedoniam
343 4539 453 4601 parare
470 4517 577 4602 incipit
594 4517 765 4603 paucisque
783 4527 854 4601 post
871 4515 981 4581 diebus
996 4528 1043 4581 est
1057 4539 1127 4601 prc-

99 4607 219 4675 sectus.
253 4606 331 4675 haec
347 4631 398 4675 res
415 4610 574 4696 Ephesiae
592 4611 741 4696 pecuniae
759 4610 891 4675 salutem
909 4610 1019 4675 attulit.
