2738 5272
461 882 578 941 comt.
596 884 649 939 111.
666 882 786 940 25-29.
1065 871 1128 936 249

108 1007 220 1073 Africo
239 1005 410 1093 tegebatur,
429 1005 469 1072 ab
488 1017 592 1072 austro
605 1031 668 1073 non
680 1018 746 1073 erat
759 1011 859 1094 tutus)
875 1008 1038 1092 letiusque
1051 1017 1129 1072 tem-

108 1103 238 1188 pestatis
253 1124 346 1184 quam
360 1102 468 1165 elassis
482 1102 652 1186 perieulum
667 1103 917 1167 aestimaverunt.
945 1124 1008 1187 quo
1021 1100 1129 1167 simul·

109 1208 202 1279 atque
219 1196 300 1259 intro
319 1205 366 1259 est
383 1195 475 1272 itum,
502 1195 675 1260 incredibili
692 1196 839 1261 felicitate
857 1207 975 1273 auster,
1003 1196 1057 1279 qui
1074 1218 1130 1281 per

109 1290 239 1355 biduum
257 1289 397 1366 flaverat,
420 1289 453 1352 in
470 1288 615 1354 Africum
633 1312 667 1355 se
684 1291 785 1355 vertit.
820 1290 869 1356 bis
888 1290 1023 1355 subitum
1045 1313 1129 1355 eom·
1146 1308 1178 1356 aa

109 1384 311 1448 mutationem
333 1381 475 1447 fortunae
496 1383 601 1448 videre
623 1382 718 1448 licuit.
754 1385 809 1468 qui
826 1385 918 1449 modo
942 1383 1001 1448 sibi
1018 1383 1129 1447 timue-

108 1488 186 1553 rant,
205 1476 263 1541 bos
281 1476 454 1542 tutissimus
472 1487 580 1561 portus
599 1477 779 1562 recipiebat3
798 1477 851 1561 qui
865 1478 977 1542 nostris
995 1476 1128 1541 navibus

108 1571 279 1656 periculum
301 1571 482 1648 intulerant,
509 1572 548 1636 de
571 1594 628 1637 suo
650 1573 758 1636 timere
780 1571 981 1658 cogebantur.
1025 1570 1129 1654 itaque

108 1678 246 1750 tempore
269 1677 460 1729 commutato
483 1675 651 1750 tempestas
673 1677 704 1730 et
725 1675 847 1730 nostros
874 1665 950 1730 texit
975 1675 1007 1729 et
1032 1686 1128 1729 naves

108 1760 249 1824 Rhodias
268 1760 388 1836 aillixit,
407 1760 450 1823 ita
467 1770 502 1824 ut
515 1761 555 1824 ad
568 1783 662 1824 unam
676 1783 794 1837 omnes,
813 1770 986 1825 constratae
1000 1781 1129 1823 numero

108 1854 203 1930 XVI,
222 1854 409 1918 eliderentur
425 1866 456 1918 et
473 1854 636 1940 naufragio
653 1854 825 1932 interirent,
844 1866 875 1919 et
892 1877 932 1919 ex
949 1875 1064 1939 magno
1080 1875 1129 1916 re·

109 1948 228 2033 migum
245 1961 572 2033 propugnatorumque
590 1971 719 2013 numero
736 1971 808 2033 pars
827 1949 867 2013 ad
881 1947 1026 2032 scopulos
1040 1946 1128 2011 allisa

108 2042 343 2116 interficeretur,
371 2064 443 2126 pars
466 2041 505 2106 ab
528 2042 641 2106 nostris
664 2041 892 2120 detraheretur;
917 2063 996 2125 quos
1019 2062 1127 2106 omnes

108 2146 306 2200 conservatos
326 2134 445 2200 Caesar
463 2135 590 2199 domum
611 2136 739 2201 remisit.
783 2146 906 2200 nostrae
928 2156 1025 2199 naves
1047 2135 1127 2198 duae
1146 2151 1179 2202 28

108 2230 225 2294 tardius
244 2253 337 2294 eursu
356 2230 498 2295 confecto
520 2231 552 2295 in
573 2243 696 2295 noctem
714 2231 884 2306 coniectae,
912 2252 983 2294 oum
1005 2230 1128 2315 ignora·

107 2336 189 2400 rent,
216 2345 309 2406 quem
333 2323 437 2387 locum
458 2324 594 2407 reliquae
617 2325 786 2410 cepissent,
814 2335 921 2389 eontra
942 2324 1073 2389 Lissum
1094 2324 1128 2387 in

108 2418 229 2481 ancoris
252 2418 463 2482 constiterunt.
508 2418 565 2482 bas
589 2418 712 2504 scaphis
735 2419 967 2502 minoribusque
994 2417 1126 2503 navigiis

108 2511 320 2595 compluribus
340 2512 515 2576 summissis
535 2510 689 2578 Otacilius
705 2512 851 2589 Crassus,
870 2513 923 2596 qui
935 2513 1022 2577 Lissi
1039 2533 1128 2597 prae-

107 2615 181 2680 erat,
200 2627 379 2690 expugnare
397 2605 540 2690 parabat3
560 2606 652 2670 simul
670 2606 709 2670 de
722 2606 879 2671 deditione
893 2628 1000 2670 corum
1014 2604 1128 2690 agebat

107 2711 138 2763 et
155 2699 398 2763 incolumitatem
416 2700 528 2764 deditis
547 2699 758 2784 pollicebatur.
798 2700 908 2764 harum
926 2698 1021 2763 altera
1039 2698 1127 2762 navis

108 2791 240 2857 CCXX
263 2816 280 2857 e
303 2793 424 2879 legione
442 2794 576 2858 tironum
595 2794 776 2870 sustulerat,
804 2793 900 2857 altera
921 2816 960 2857 ex
982 2802 1129 2856 veterana

106 2888 199 2972 [saulo
217 2889 320 2952 minus
339 2887 408 2952 CC.
443 2887 494 2952 hio
513 2889 659 2974 cognosci
677 2888 777 2966 licuit,
800 2898 951 2971 quantum
969 2894 1054 2951 esset
1070 2884 1127 2948 ho-

106 2981 241 3047 minibus
261 2982 406 3067 praesidii
424 2982 456 3046 in
474 2983 568 3046 animi
581 2983 778 3047 firmitudine.
806 2982 938 3046 Tirones
952 2981 1034 3045 enim
1048 2979 1128 3043 mul·

106 3076 236 3139 titudine
254 3076 380 3140 navium
398 3077 550 3161 perterriti
568 3089 599 3141 et
617 3077 683 3141 salo
700 3098 878 3159 nauseaque
897 3075 1029 3140 confecti
1047 3074 1128 3138 iure-

106 3169 236 3233 iurando
263 3181 404 3254 aocepto,
432 3170 508 3234 nihil
535 3170 573 3235 iis
601 3170 758 3235 nocituros
785 3170 905 3246 hostes,
934 3191 968 3233 se
992 3166 1127 3233 Otacilio

105 3262 303 3339 dediderunt3
321 3263 375 3346 qui
393 3286 500 3329 omnes
519 3265 560 3328 ad
577 3286 649 3328 eum
666 3264 807 3349 perducti
824 3274 930 3328 eontra
947 3262 1128 3349 religionem

105 3355 303 3419 iurisiurandi
325 3356 357 3419 in
380 3357 446 3421 eius
470 3369 638 3443 conspeetu
661 3357 872 3423 crudelissime
894 3357 1126 3421 interficiuntur.

107 3461 138 3511 at
156 3459 319 3513 veteranae
336 3449 469 3535 legionis
487 3451 600 3516 milites
618 3452 693 3515 item
711 3451 878 3516 conflictati
891 3463 921 3515 et
935 3450 1127 3535 tempestatis

107 3553 137 3606 et
165 3542 303 3608 sentinae
324 3545 407 3608 vitiis
430 3568 530 3629 neque
553 3569 593 3610 ex
619 3547 749 3631 pristina
775 3547 887 3611 virtute
908 3547 1127 3611 remittendum

106 3636 225 3719 aliquid
242 3648 442 3721 putaverunt,
466 3650 497 3704 et
515 3641 681 3705 tractandis
700 3639 933 3704 condicionibus
952 3651 983 3704 ct
1001 3639 1128 3704 simula-

105 3732 189 3795 tione
208 3732 372 3798 deditionis
391 3748 529 3798 extraoto
546 3735 647 3819 primo
664 3735 763 3799 noetis
782 3746 919 3819 tempore
941 3731 1127 3818 gubernato·

104 3848 170 3889 rem
188 3825 221 3889 iu
239 3837 352 3891 terram
370 3851 482 3892 navem
500 3830 599 3893 eicere
622 3839 750 3914 cogtmt,
774 3829 834 3913 ipsi
856 3828 1002 3892 idoneum
1023 3825 1127 3890 locum

104 3920 187 3983 nacti
204 3919 356 4003 reliquam
375 3923 473 3986 noetis
491 3936 610 4006 partem
627 3922 671 3986 ibi
690 3922 890 3987 confecerunt
902 3931 933 3985 et
945 3920 1014 3985 luce
1029 3919 1128 4005 prima

105 4012 209 4076 missis
228 4013 269 4077 ad
286 4035 341 4078 eos
360 4014 399 4079 ab
419 4014 556 4081 Otacilio
574 4016 741 4100 equitibus,
760 4016 815 4099 qui
832 4038 901 4080 eam
919 4024 1037 4099 partem
1055 4035 1128 4077 orae

106 4105 278 4170 maritimae
296 4109 513 4186 asservabant,
536 4110 657 4174 circiter
675 4108 794 4174 CCCC
813 4109 927 4192 quique
945 4129 999 4171 eos
1018 4107 1127 4171 armati

105 4221 145 4262 ex
162 4201 318 4284 praesidio
336 4203 434 4267 secuti
452 4214 524 4268 suut
542 4226 576 4268 se
590 4203 793 4268 defenderunt
807 4214 838 4267 et
850 4200 1006 4266 nonnullis
1020 4222 1127 4266 eorum

105 4292 275 4358 interfectis
293 4296 464 4361 incolumes
483 4320 517 4361 se
535 4297 575 4361 ad
593 4308 715 4362 nostros
733 4306 924 4381 receperunt.
960 4317 1024 4378 quo
1040 4294 1125 4359 sacto
1143 4310 1175 4358 29

106 4398 277 4453 conventus
305 4389 420 4453 civium
446 4391 672 4468 Romanorum,
700 4390 754 4474 qui
779 4391 910 4455 Lissum
936 4387 1125 4464 obtinebant,

106 4482 191 4564 quod
208 4483 357 4567 oppidum
375 4485 413 4549 iis
432 4494 522 4549 antea
537 4484 655 4549 Caesar
668 4484 847 4550 attribuerat
865 4483 1126 4567 muniendumque

107 4590 277 4654 curaverat,
297 4578 469 4644 Antonium
483 4580 591 4664 recipit
603 4579 810 4662 omnibusque
823 4577 916 4643 rebus
929 4577 1016 4642 iuvit.
1046 4577 1126 4642 Ota-

108 4668 197 4733 cilius
212 4670 271 4735 sibi
284 4671 395 4738 timens
409 4697 448 4739 cx
462 4674 577 4760 oppido
589 4673 670 4761 fugit
684 4683 715 4738 ct
728 4673 769 4738 ad
776 4671 962 4758 Pompeium
974 4671 1124 4757 pervenit.
