2738 5272
227 803 346 848 XLVIII
653 804 720 846 VITA
738 803 877 846 CAESARIS

267 919 325 958 Anni

225 980 246 1008 u.
257 979 275 1007 c.
303 969 376 1007 aclis.

227 1024 273 1041 -κ-
320 1019 367 1040 *sd

394 1048 512 1114 vicerat,
531 1049 675 1117 profectus
689 1054 746 1116 est,
764 1053 793 1102 et
806 1047 941 1101 celemine
954 1045 1022 1166 puin
1043 1061 1078 1099 ne
1088 1044 1194 1099 dlebns
1205 1046 1311 1100 bellum

395 1116 518 1169 confecit
533 1117 606 1170 victo
620 1116 657 1169 ad
667 1114 774 1181 Zelam,
792 1115 876 1168 Ponti
886 1113 951 1193 oppi
974 1130 1027 1179 uni,
1063 1114 1188 1166 harnace
1200 1113 1230 1166 d.
1241 1114 1310 1167 am.

393 1183 466 1252 Aug.
484 1183 610 1236 Celerius
625 1183 745 1236 omnium
760 1188 970 1250 exspectatione
983 1178 1141 1248 mSeptbr.
1155 1179 1185 1233 in
1197 1179 1311 1234 ltaliam

392 1251 527 1319 pervenit.
559 1250 726 1330 Legionum,
737 1266 806 1318 quos
815 1249 951 1302 Pharsalo
960 1248 988 1300 iii
997 1245 1179 1317 Campaniam
1190 1248 1311 1301 duxerat

393 1319 542 1383 Antonius,
553 1319 732 1383 seditionem,
752 1334 813 1370 eum
823 1316 940 1369 Romam
950 1315 1085 1377 venisset,
1098 1316 1273 1368 anctoritate
1282 1322 1310 1368 et

393 1385 542 1455 prudentia
555 1385 736 1453 compescuit.
773 1385 854 1453 (Soet.
868 1384 908 1436 io.
927 1384 1045 1436 Frontis.
1058 1380 1082 1435 L
1095 1380 1121 1447 9,
1134 1381 1175 1450 4.)
1214 1381 1309 1435 Dicta-

394 1463 439 1508 tor
454 1454 495 1507 lIl
513 1453 541 1504 in
561 1469 662 1505 annum
681 1451 796 1517 dicitur,
815 1451 852 1503 ii.
865 1449 992 1518 Lepidus
1006 1465 1079 1517 mag.
1093 1449 1181 1517 equit.
1222 1448 1307 1502 Simul

395 1521 494 1576 consiil
519 1520 562 1573 IlI
590 1525 700 1572 creatur
725 1518 755 1571 in
782 1535 885 1571 annum
910 1518 945 1570 46
971 1532 1034 1570 cum
1060 1516 1160 1568 eodem
1186 1515 1306 1585 Lepido.

393 1588 483 1641 Amici
502 1587 655 1640 honoribus
673 1592 702 1640 et
719 1585 872 1655 provinciis
890 1590 1037 1651 ornantur,
1055 1583 1172 1652 Pompei
1185 1582 1306 1637 filiorum

393 1655 588 1727 patrimonium
605 1662 634 1707 et
652 1653 768 1706 alioruin
787 1653 975 1721 optimatium,
994 1650 1084 1720 quiin
1098 1650 1184 1703 arinis
1197 1668 1306 1704 manse·

395 1730 467 1789 rant,
487 1724 562 1776 bona
570 1721 789 1801 proscribuntur.
825 1721 957 1773 Extremo
967 1734 1041 1772 aiiiio
1052 1718 1080 1771 in
1090 1715 1217 1772 Africam
1228 1718 1305 1782 abiit,

395 1808 455 1844 cuni
467 1791 581 1858 Pompei
590 1787 670 1855 filiis,
685 1787 829 1856 Scipione,
846 1784 966 1851 Catone,
985 1784 1234 1839 lubabellaturus.
1270 1785 1305 1838 D.

394 1858 473 1910 XIX.
485 1855 776 1935 mSeptLilybacum
786 1855 871 1921 venit,
882 1850 1103 1933 amitinos
1113 1868 1201 1906 naves
1212 1853 1305 1920 solvit,

225 1990 275 2043 ns
326 1989 360 2041 a
394 1922 1010 2068 tttf‘ttf’tilttltttltdt{titll‘i
1024 1986 1264 2041 mamistenum
1278 1993 1305 2041 a

393 2059 532 2111 Petreium
550 2058 642 2110 vincit
679 2059 748 2110 Cum
766 2056 915 2124 aliquoties
929 2055 1007 2109 varia
1020 2055 1134 2108 fortuna
1149 2060 1305 2123 pugnatum

394 2131 481 2188 esset,
500 2125 607 2193 proelio
622 2124 658 2177 ad
669 2123 813 2191 Thapsum
823 2124 850 2177 d.
862 2121 1305 2191 v1.m.Aprit.0mnemh0stium

394 2194 448 2244 vim
463 2191 549 2260 fregit
559 2191 830 2260 dominationemque
840 2206 919 2243 suam
930 2189 1078 2259 splendida
1087 2189 1204 2242 victoria
1213 2187 1305 2242 firma·

393 2260 443 2313 vit.
480 2260 550 2312 Post
559 2276 680 2327 pugnam
692 2260 785 2311 statim
796 2257 915 2325 Uticam,
950 2274 1012 2310 uam
1023 2255 1092 2309 Cato
1101 2255 1227 2319 tenebat,
1241 2272 1305 2324 pro·

393 2325 535 2380 ficiscitur.
571 2326 641 2379 Cato
656 2326 814 2379 voluntaria
827 2331 915 2378 morte
929 2275 1052 2378 decedit·
1071 2324 1138 2376 urbs
1149 2323 1265 2377 Caesari
1276 2340 1306 2377 se

394 2395 481 2449 dedit.
517 2394 595 2460 Iuba,
609 2395 744 2459 Petreius,
756 2393 898 2459 Afranius,
908 2392 1030 2445 Faustus
1039 2361 1127 2453 dulia,
1137 2389 1232 2459 Scipio
1243 2407 1304 2469 per-

394 2468 469 2527 eunt,
479 2461 630 2540 Labienus,
636 2462 728 2540 Attius
734 2460 932 2540 Varustetbex.
941 2459 1090 2527 Pompeius
1099 2458 1129 2511 in
1137 2457 1304 2537 Hispaniam

393 2526 1304 2662 titltttlliilttilttttillfftmltltltttttttlt'tt

393 2671 503 2730 nuntiis,
519 2663 644 2716 civitates
655 2662 776 2729 Africae,
792 2680 865 2733 quae
877 2679 937 2715 eum
948 2662 1078 2731 Scipione
1089 2660 1225 2727 fecerant,
1235 2661 1303 2713 mul·

394 2738 497 2786 tantur.
534 2731 587 2784 Die
601 2730 679 2784 Xlll.
693 2749 726 2782 m.
740 2729 803 2782 luii.
818 2730 902 2785 Utica
916 2746 1002 2783 naves
1017 2729 1114 2795 solvit,
1133 2733 1254 2782 exeunte
1268 2744 1302 2779 ni.

393 2799 445 2852 lul.
455 2800 571 2852 Romam
585 2799 719 2867 pervenit.
753 2796 807 2849 XL
822 2797 926 2850 dicrum
941 2796 1108 2867 supplicatio
1119 2812 1136 2849 a
1146 2800 1246 2848 senatu
1256 2795 1302 2847 de·

394 2875 478 2920 creta.
514 2866 644 2919 Dictator
654 2866 709 2918 llll
724 2864 825 2917 dicitiir
839 2865 987 2930 indecem,
1025 2862 1165 2917 raeieetus
1176 2861 1302 2915 moribus

393 2935 421 2987 in
436 2938 493 2987 tres
503 2950 592 2986 annos
602 2940 631 2985 ot
639 2932 685 2986 alii
696 2933 791 2984 summi
803 2931 923 2985 lionorcs
934 2881 1026 2985 servili
1036 2930 1197 2984 adulatione
1207 2931 1302 2983 decer·

392 3011 504 3053 uantur.
524 3006 592 3052 Suet.
604 3000 644 3053 76.
663 3000 716 3050 Dio
729 2998 833 3052 XLIII.
848 2999 888 3051 14.
903 2999 943 3051 21.
979 2997 1068 3051 illeiis.
1081 2998 1154 3066 Aug.
1189 3004 1305 3049 uattuor

392 3066 547 3133 triumphos
561 3067 632 3133 agit,
672 3066 753 3118 uibus
766 3067 900 3120 victoriae
915 3067 950 3119 de
965 3065 1091 3119 barbaris
1101 3073 1179 3134 genti
1202 3081 1248 3125 us,
1267 3065 1303 3117 de

394 3132 497 3197 Gallia,
512 3132 651 3201 Aegypto,
689 3138 765 3195 outo,
779 3133 885 3199 Africa,
900 3150 957 3186 non
968 3134 1002 3185 de
1013 3132 1130 3198 civibus,
1141 3137 1304 3200 reportatae

393 3198 579 3251 celebrantur.
615 3199 718 3252 Milites
729 3201 851 3267 praemia
861 3200 1013 3268 accipiunt,
1028 3199 1134 3269 populo
1166 3198 1265 3251 eeunia
1275 3206 1305 3251 et

393 3265 560 3343 frumentum
571 3265 755 3319 distribuitur.
783 3268 885 3320 Forum
896 3267 1023 3321 Caesaris
1033 3274 1062 3320 et
1070 3217 1202 3334 templum
1213 3266 1301 3319 Vene-

392 3349 430 3383 ris
441 3330 594 3384 Genetricis
605 3332 726 3398 dicatur,
745 3335 833 3387 omnis
843 3335 954 3403 generis
963 3334 1021 3387 lutli
1031 3334 1159 3387 eduntur.
1194 3332 1305 3386 Iudicia

392 3398 570 3451 senatoribus
589 3406 617 3452 et
635 3400 775 3469 equitibus
793 3402 861 3454 solis
877 3401 1032 3464 commissa,
1052 3401 1170 3453 tribunis
1185 3399 1302 3453 aerariis

391 3465 522 3533 adempta
532 3468 613 3535 (Suet.
623 3467 664 3519 41.
676 3469 729 3520 Dio
740 3468 845 3521 Xlilll.
856 3470 914 3539 25);
928 3484 1059 3521 numerus
1069 3483 1175 3533 eorum,
1186 3467 1235 3536 qui
1244 3466 1300 3519 iru-

391 3541 514 3586 mentum
532 3550 546 3585 e
566 3534 680 3601 publico
695 3536 753 3588 acci
777 3536 881 3599 iebant,
903 3536 1034 3588 minuitur
1051 3536 1132 3621 φησι.
1141 3535 1203 3602 41);
1223 3535 1301 3602 loges

392 3599 579 3668 sumptuariae
590 3602 654 3671 (Cic.
664 3608 720 3655 Ait.
730 3553 809 3656 xlii.
820 3603 844 3657 i.
864 3604 916 3657 IX.
925 3604 966 3655 26.
984 3602 1048 3656 Xll.
1058 3602 1102 3665 db)
1131 3602 1167 3654 de
1181 3601 1207 3653 ri
1223 3608 1251 3653 et
1265 3601 1301 3654 de

390 3670 534 3720 maiestate
545 3668 610 3748 (eir.
621 3670 686 3723 aiii.
696 3672 717 3723 i.
729 3670 765 3740 a),
776 3671 810 3724 ie
821 3670 971 3739 provinciis
981 3672 1047 3741 (ou.
1057 3641 1127 3723 iiii.
1137 3668 1210 3733 aio.
1220 3668 1245 3729 a,
1255 3668 1301 3738 ri>

390 3734 690 3804 latae3fastieoirecti,
721 3744 812 3792 raeter
822 3746 941 3790 veterem
951 3754 1073 3791 mensam
1083 3736 1300 3799 intercalarium,

391 3801 614 3882 liar-codonium,
639 3756 749 3858 duodus
771 3804 844 3858 iiiter
863 3805 1049 3857 Nouembrem
1068 3810 1096 3857 ct
1114 3802 1301 3857 Decembrem

389 3871 551 3938 interiectis,
561 3879 593 3923 ut
601 3872 649 3926 ille
659 3888 748 3925 aniius
758 3871 914 3940 quindecim
925 3871 1059 3925 mensium
1069 3878 1145 3924 esset
1153 3871 1235 3939 (Suet.
1244 3870 1299 3938 40).

391 3938 433 3991 llo
460 3939 541 3991 astris
569 3939 668 3991 librum
691 3955 724 3992 eo
747 3947 872 4006 tempore
896 3939 1043 4006 scripsisse
1065 3937 1176 3991 ridetur
1194 3936 1299 4007 (l'raef.

389 4021 416 4072 p.
427 4005 503 4075 XII).
540 4006 646 4058 Eodem
656 4022 728 4059 anno
740 4006 890 4074 Cleopatra
899 4007 1015 4059 Romam
1025 4005 1102 4058 venit
1111 4012 1140 4056 et
1149 4004 1301 4058 insolentia

390 4088 441 4123 sua
455 4071 594 4124 lioininum
608 4072 716 4125 animos
730 4072 909 4126 exacerbavit
922 4080 951 4126 et
960 4071 1089 4126 Caesaris
1102 4071 1299 4125 existimationi

390 4134 490 4213 offecit
525 4138 623 4191 lllense
639 4139 794 4205 Septembri
808 4139 898 4192 Roma
911 4140 1057 4208 profectus
1070 4139 1206 4192 adversus
1217 4139 1297 4192 Pom-

389 4218 434 4318 pei
448 4201 601 4320 filiostpost
615 4205 674 4258 dies
684 4206 716 4258 27
731 4206 759 4258 in
773 4205 936 4280 Hispaniam
951 4206 1090 4277 pervenit,
1108 4206 1162 4260 iter
1176 4205 1298 4260 carmine

409 4283 478 4319 esen
501 4287 545 4320 si.

221 4328 270 4383 709
320 4331 354 4384 45
388 4333 482 4412 DieX
511 4334 577 4412 llll.
597 4355 632 4390 m.
645 4339 728 4392 Febr.
743 4340 797 4394 Ate
820 4356 857 4393 iia
871 4340 985 4394 Caesari
1004 4340 1127 4408 deditur,
1146 4341 1181 4394 im
1205 4347 1298 4395 orator

388 4416 405 4452 a
424 4400 582 4480 legionibus
601 4406 766 4485 appellatur.
800 4357 855 4461 iiie
868 4408 959 4461 XVII.
974 4427 1008 4461 m.
1023 4409 1104 4462 lllart.
1116 4410 1152 4462 ad
1164 4358 1296 4461 adiudam

389 4466 485 4545 hostes
495 4483 628 4523 acerrimo
639 4473 758 4541 proelio,
773 4491 834 4527 eum
844 4475 898 4528 iam
909 4475 944 4528 de
953 4476 1070 4530 victoria
1079 4476 1262 4544 desperasset
1270 4481 1299 4527 ct

388 4533 498 4589 fortiter
514 4551 643 4606 pugnans
661 4539 760 4609 capitis
778 4541 931 4610 perieulum
948 4542 1079 4612 adiisset,
1098 4542 1209 4598 devicit
1245 4542 1296 4596 Cn.
