2738 5272
192 1419 225 1469 58

193 2269 226 2320 nt

193 3714 226 3762 55

247 759 309 826 176
390 772 442 828 DE
460 770 586 829 BELLO
605 770 773 829 GALLICO
792 769 909 828 COMM.
922 771 1003 828 VIII.
1015 771 1125 828 53-55.

242 911 400 956 armonem
422 887 568 954 Caesaris
589 887 740 963 laederet,
767 887 912 971 quoniam
935 886 1068 972 Pompei
1093 887 1266 954 dominatio

242 983 336 1057 atque
354 997 440 1039 arma
456 995 521 1038 non
538 972 700 1037 minimum
717 983 865 1037 terrorem
883 973 951 1037 foro
973 974 1134 1049 inferrent,
1162 972 1267 1039 disce·

242 1059 330 1124 deret
355 1069 484 1142 uterque
506 1058 546 1124 ab
568 1059 662 1122 armis
689 1058 904 1141 exercitusque
925 1057 1106 1123 dimitteret:
1133 1056 1200 1122 fore
1227 1079 1267 1122 eo

241 1143 328 1208 facto
349 1144 479 1209 liberam
501 1154 533 1208 et
554 1143 603 1209 sui
624 1143 700 1208 iuris
724 1143 890 1207 civitatem.
934 1165 1035 1226 neque
1061 1142 1121 1207 hoc
1143 1152 1267 1207 tantum

241 1228 399 1314 pollicitus
417 1238 474 1306 cst,
493 1229 549 1293 sed
566 1228 660 1293 etiam
676 1249 733 1313 per
746 1250 780 1293 se
793 1227 1016 1293 discessionem
1030 1228 1132 1292 facere
1146 1229 1266 1313 coepit;

242 1314 389 1398 quodne
411 1314 512 1391 fieret,
540 1313 686 1379 consules
709 1313 862 1397 amicique
883 1313 1017 1398 Pompei
1037 1313 1209 1389 iusserunt,
1234 1327 1267 1377 at

243 1401 355 1486 reliqui
367 1411 466 1464 tameo
478 1421 580 1464 omues
593 1421 627 1464 eo
641 1398 860 1463 discesserunt.
887 1421 1037 1484 magnum
1051 1397 1112 1462 hoc
1125 1398 1267 1463 testimo·

243 1484 330 1549 nium
349 1495 475 1549 senatus
494 1496 560 1548 erat
577 1483 715 1548 universi
733 1484 983 1567 conveniensque
1001 1483 1152 1569 superiori
1170 1483 1266 1547 facto.

242 1593 317 1635 nam
334 1569 505 1634 Marcellus
522 1569 665 1654 proximo
683 1591 779 1647 anno,
806 1590 878 1634 cum
899 1569 1098 1668 impugnaret
1117 1567 1266 1633 Caesaris

243 1655 437 1741 dignitatem,
455 1665 563 1719 contra
579 1654 609 1719 le
633 1676 682 1718 em
700 1653 834 1753 Pompei
850 1664 881 1718 et
899 1652 1008 1718 Crassi
1029 1653 1176 1718 retulerat
1193 1663 1268 1718 ante

243 1751 367 1840 tempus
385 1740 427 1804 ad
445 1750 588 1804 senatum
605 1677 645 1804 de
664 1738 809 1804 Caesaris
831 1739 1013 1824 provinciis,
1042 1739 1268 1821 sententiisque

243 1825 334 1890 (lictis
360 1824 584 1889 discessionem
609 1824 743 1889 faciente
768 1823 934 1902 Marcello,
965 1824 1019 1908 qui
1050 1823 1109 1888 sibi
1139 1846 1268 1887 omnem

243 1910 427 1997 dignitatem
440 1931 480 1973 ex
494 1908 640 1974 Caesaris
653 1909 771 1974 invidia
783 1909 962 1992 quaerebat,
978 1919 1103 1973 senatus
1117 1908 1267 1991 frequens

242 1995 276 2060 in
293 1994 355 2059 alia
371 1995 475 2060 omnia
492 1994 622 2059 transiit.
649 1993 763 2078 quibus
781 2017 844 2059 non
861 1994 1086 2081 frangebantur
1098 1994 1193 2059 animi
1200 1994 1269 2057 ini·

242 2081 395 2146 micorum
414 2078 575 2157 Caesaris,
593 2079 650 2143 sed
667 2079 927 2157 admonebantur,
946 2102 1007 2163 quo
1024 2079 1157 2143 maiores
1198 2101 1269 2143 ara-

242 2174 311 2229 rent
329 2165 545 2241 necessitates,
571 2163 686 2247 quibus
708 2165 779 2249 cogi
799 2176 908 2264 posset
925 2175 1051 2229 senatus
1073 2164 1106 2228 id
1144 2101 1267 2240 subare,

243 2249 355 2332 quodi
379 2249 406 2312 si
424 2249 667 2314 constituissent.
711 2250 746 2313 fit
764 2249 875 2313 derude
894 2261 1097 2314 senatuscons
1133 2259 1212 2326 tum,
1232 2259 1269 2312 ut

243 2334 284 2399 ud
301 2333 341 2398 be
364 2357 419 2398 um
435 2333 618 2399 Parthicum
638 2333 722 2420 legio
740 2357 803 2400 una
824 2358 843 2400 a
861 2334 921 2400 Cn.
939 2335 1106 2420 Pompeio,
1133 2334 1230 2398 altera
1249 2356 1269 2397 a

244 2418 283 2484 C.
302 2417 440 2484 Caesare
461 2419 648 2497 mitteretur;
674 2442 776 2503 neque
799 2419 931 2485 obscure
952 2421 1033 2484 duae
1054 2420 1193 2505 legiones
1211 2418 1268 2481 uni

242 2504 455 2570 detrahuntur.
482 2528 555 2570 nam
575 2504 635 2569 Cu·
648 2503 820 2590 Pompeius
837 2505 993 2591 legionem
1010 2505 1152 2590 primam,
1171 2525 1267 2585 quam

243 2590 284 2655 ad
307 2589 477 2655 Caesarem
502 2591 646 2668 miserat,
674 2591 848 2656 confectam
875 2614 914 2655 ex
940 2591 1061 2654 delectu
1088 2588 1266 2673 provinciae

246 2675 408 2753 Caesaris,
435 2699 504 2741 eam
526 2686 686 2760 tamquam
712 2698 752 2740 ex
779 2699 837 2741 suo
857 2698 986 2740 numero
1009 2675 1103 2738 dedit
1148 2672 1269 2740 Caesar

244 2772 363 2838 tamem
385 2783 458 2826 cum
475 2762 515 2826 de
532 2762 692 2827 voluntate
714 2762 840 2825 minime
863 2760 993 2825 dubium
1015 2769 1098 2824 esset
1120 2758 1268 2823 adversa-

243 2847 360 2912 riorum
378 2869 515 2924 suorum,
533 2847 687 2932 Pompeio
705 2846 861 2932 legionem
879 2846 998 2910 remisit
1015 2855 1046 2909 et
1065 2867 1122 2908 suo
1139 2844 1266 2908 nominc

244 2931 553 3015 quintamdecimam,
581 2954 676 3015 quam
693 2931 726 2994 in
745 2929 849 2995 Gallia
871 2932 1011 2995 citeriore
1033 2929 1198 3005 habuerat,
1226 2951 1267 2992 ex

245 3016 514 3081 senatusconsulto
531 3015 618 3080 iubct
632 3015 720 3079 tradi.
746 3017 779 3078 in
793 3016 861 3078 eius
873 3015 977 3079 locum
991 3015 1267 3079 tertiamdecimam

243 3100 400 3185 legionem
416 3101 449 3163 in
462 3101 585 3164 Italiam
598 3100 701 3175 mittit,
720 3121 801 3182 quac
835 3101 967 3164 raesidia
982 3110 1127 3176 tueretur,
1145 3121 1184 3163 cx
1198 3100 1268 3181 qui-

243 3183 304 3248 bus
348 3184 489 3247 raesidiis
512 3184 742 3265 quintadecima
763 3122 984 3250 detlucebatur.
1027 3186 1038 3249 i
1062 3207 1095 3249 00
1117 3184 1267 3248 exercitui

243 3206 400 3331 distnlruit
417 3266 560 3331 hiberna:
580 3267 618 3333 C.
633 3268 825 3332 Trebonium
843 3291 914 3332 cum
928 3208 1102 3354 legionibus
1120 3278 1269 3352 quattuor

243 3353 277 3416 in
294 3351 407 3436 Belgio
430 3351 574 3429 collocat,
603 3352 641 3417 C.
659 3353 794 3418 Fabium
818 3377 889 3419 curn
912 3356 1040 3419 totidem
1062 3355 1095 3418 in
1113 3355 1267 3418 Haeduos

244 3436 379 3501 deducit.
429 3436 474 3500 sic
496 3437 579 3501 enirn
602 3438 800 3503 existimabat
822 3440 1009 3504 tutissimam
1032 3440 1099 3505 fore
1118 3437 1266 3514 Galliam,

244 3523 272 3587 si
284 3522 413 3606 Belgae,
432 3543 564 3604 quorum
578 3524 713 3588 maxima
728 3525 835 3602 virtus,
854 3525 991 3603 Haedui,
1011 3548 1143 3609 quorum
1161 3535 1269 3588 aueto-

243 3607 318 3672 ritas
336 3630 460 3672 summa
477 3618 569 3685 esset,
588 3609 774 3675 exercitibus
794 3611 1031 3675 continerentur.
1067 3611 1135 3696 ipse
1152 3611 1186 3674 in
1202 3610 1268 3673 Ita·

243 3691 317 3756 liam
348 3692 506 3777 profectus
538 3704 595 3759 est.
639 3716 702 3777 quo
733 3717 805 3759 cum
836 3697 987 3773 venisset,
1019 3696 1180 3781 cognoscit
1211 3717 1269 3779 per

244 3776 283 3843 C.
306 3777 493 3842 Marcellum
521 3779 682 3844 consulem
708 3780 846 3845 laniones
874 3782 952 3845 duas
979 3781 1020 3845 ab
1047 3804 1080 3845 se
1107 3781 1267 3856 remissas,

243 3886 324 3947 quae
346 3886 384 3929 ex
411 3866 681 3930 senatusconsulto
708 3835 856 3930 deberent
878 3867 918 3930 ad
941 3866 1122 3930 Parthicum
1150 3865 1269 3929 bellum

244 3950 329 4027 duci,
358 3948 418 4015 Cn.
436 3949 589 4036 Pompeio
608 3951 736 4014 traditas
759 3962 851 4034 atquc
869 3953 901 4014 in
919 3951 1010 4015 Italia
1031 3962 1167 4016 retentas
1185 3972 1267 4015 0000.

243 4033 303 4099 hoc
322 4036 405 4100 sacto
422 4058 613 4120 quamquam
631 4035 707 4098 nulli
729 4046 794 4100 crat
816 4036 960 4112 dubium,
987 4038 1136 4120 quidnam
1160 4047 1270 4100 contra

245 4119 413 4184 Caesarem
435 4134 607 4205 pararetur,
635 4133 740 4185 tamen
763 4121 881 4185 Caesar
903 4122 1008 4186 omnia
1028 4122 1174 4206 patienda
1196 4143 1268 4184 esse

245 4205 364 4280 statuit,
392 4208 495 4287 quoad
519 4207 579 4272 sibi
602 4229 674 4291 spes
697 4207 800 4290 aliqua
821 4208 1046 4290 relinqueretur
1071 4208 1137 4272 iurc
1160 4206 1266 4292 potius

244 4289 438 4373 disceptandi
456 4313 550 4374 quam
567 4292 641 4359 belli
658 4293 799 4378 gerundi.
836 4293 994 4357 contendit

651 4493 863 4503 ———..
