2692 5206
420 795 538 854 COMM.
556 797 594 852 11.
611 795 729 851 42-44
1019 782 1083 849 235

55 920 208 1009 perpauci
226 943 261 986 se
278 919 445 1004 recipiunt3
464 921 519 985 scd
537 920 572 998 ii,
591 941 670 1003 quos
688 919 729 984 ad
746 919 950 984 novissimum
967 941 1080 1004 agmen

55 1038 213 1100 equorum
238 1013 475 1080 reficiendorum
506 1036 602 1078 causa
632 1012 809 1078 substitisse
835 1013 1081 1078 demonstratum

55 1122 122 1186 est,
141 1107 220 1194 suga
236 1108 330 1173 totius
348 1108 501 1172 exercitus
519 1107 627 1193 procul
645 1107 860 1171 animadversa
877 1128 947 1171 sese
964 1106 1082 1171 incolu-

55 1225 128 1267 mes
149 1202 183 1266 in
205 1213 307 1267 castra
329 1200 502 1265 conferunt.
545 1201 659 1265 milites
682 1200 723 1264 ad
742 1223 840 1264 unum
858 1223 966 1265 omnes
988 1201 1082 1264 inter-

56 1296 215 1361 ficiuntur.
258 1294 308 1360 his
329 1293 423 1360 rebus
446 1295 579 1380 cognitis
597 1294 736 1359 Marcius
755 1294 859 1358 Rufus
881 1303 1029 1378 quaestor
1050 1295 1083 1358 in
1100 1317 1132 1365 to

56 1389 171 1455 castris
188 1388 313 1454 relictus
332 1412 352 1453 a
370 1387 507 1454 Curione
525 1388 702 1454 cohortatur
720 1410 808 1464 suos,
826 1410 866 1452 ne
884 1388 988 1452 animo
1005 1387 1082 1452 defi-

58 1483 153 1548 ciant
197 1482 242 1547 illi
260 1492 350 1547 orant
366 1493 459 1566 atque
482 1482 660 1560 obsecrant,
687 1482 772 1546 utin
791 1481 930 1548 Siciliam
948 1481 1081 1547 navibus

56 1586 263 1662 reportentur.
307 1576 470 1663 pollicetur
491 1577 709 1662 magistrisque
731 1577 863 1661 imperat
884 1576 1025 1654 navium,
1048 1589 1082 1641 ut

55 1673 160 1757 primo
176 1694 309 1757 vespere
327 1693 435 1736 omnes
458 1672 591 1756 scaphas
613 1673 653 1736 ad
670 1672 743 1735 litus
766 1670 914 1756 appulsas
936 1670 1080 1735 habeant.

56 1765 116 1829 sed
134 1776 238 1830 tantus
257 1764 316 1829 fuit
334 1765 472 1829 omnium
490 1775 596 1843 terror,
616 1776 649 1829 ut
667 1765 720 1829 alii
737 1765 848 1830 adesse
861 1766 968 1850 copias
982 1765 1081 1830 Iubae

56 1859 211 1936 dicerent,
237 1858 290 1923 alii
316 1881 387 1924 cum
412 1858 587 1945 legionibus
614 1860 729 1924 instare
751 1858 871 1924 Varum
896 1860 1021 1943 iamque
1047 1881 1082 1923 se

55 1952 218 2039 pulverem
235 1953 425 2018 venientium
443 1976 578 2031 cernere,
596 1975 727 2037 quarum
745 1976 849 2018 rerum
862 1954 1082 2019 nihilomnino

56 2045 223 2124 acciderat,
236 2046 290 2111 alii
302 2046 435 2111 classem
449 2047 585 2112 hostium
599 2047 739 2112 celeriter
751 2047 965 2113 advolaturam
979 2048 1082 2134 suspi-

56 2149 211 2205 carentur.
253 2139 360 2223 itaque
377 2141 546 2226 perterritis
568 2141 713 2206 omnibus
737 2141 797 2206 sibi
819 2142 952 2227 quisque
969 2163 1083 2207 cousu-

57 2231 149 2298 lebat.
187 2232 242 2316 qai
258 2233 292 2297 in
310 2234 410 2300 classe
428 2247 524 2313 crant,
542 2235 697 2320 proficisci
714 2235 930 2321 properabant.
969 2236 1081 2301 horum

58 2324 134 2411 fuga
153 2326 285 2391 navium
306 2328 515 2393 onerariarum
538 2328 704 2415 magistros
731 2329 892 2394 incitabat:
919 2329 1012 2414 pauci
1038 2329 1082 2393 le-

59 2418 185 2484 nunculi
201 2419 243 2484 ad
260 2419 400 2485 officium
417 2422 642 2507 imperiumque
660 2422 894 2487 conveniebant.
927 2423 983 2488 sed
998 2433 1082 2487 tanta

62 2523 124 2577 erat
131 2513 294 2599 completis
309 2513 449 2580 litoribus
460 2517 624 2593 eontentio,
639 2517 693 2600 qui
707 2517 904 2600 potissimum
913 2538 953 2581 ex
966 2540 1081 2602 magno

63 2627 187 2673 numero
199 2608 452 2686 conscenderent,
471 2620 506 2673 ut
518 2610 714 2674 multitudine
729 2621 821 2693 atque
836 2633 929 2674 onere
942 2611 1082 2675 nonnulli

66 2698 312 2785 deprimerentur,
326 2702 436 2786 reliqui
446 2702 506 2768 hoe
516 2704 624 2768 timore
637 2704 765 2788 propius
779 2704 864 2767 adire
879 2705 1080 2768 tardarentur.

68 2793 172 2875 quibus
188 2794 284 2860 rebus
302 2797 428 2873 accidit,
453 2808 487 2861 ut
503 2798 595 2882 pauci
613 2798 726 2861 milites
744 2808 910 2882 patresque
933 2797 1079 2873 familiae,
1098 2819 1131 2865 tr

72 2886 116 2967 qui
129 2899 183 2953 aut
198 2889 302 2976 gratia
318 2901 372 2953 aut
389 2891 602 2957 misericordia
619 2891 758 2955 valerent
780 2902 834 2954 aut
851 2913 948 2955 navos
966 2891 1082 2955 adnare

74 2990 194 3061 possent,
212 2982 331 3068 recepti
351 2984 385 3048 in
404 2981 544 3049 Siciliam
566 2985 738 3049 incolumes
760 2985 966 3069 pervenirent.
1011 2984 1083 3049 reli-

78 3090 142 3151 quae
161 3075 269 3160 copiae
295 3077 401 3140 missis
429 3078 469 3141 ad
490 3076 610 3141 Varum
635 3087 730 3143 noctu
752 3078 925 3163 legatorum
952 3100 1082 3142 numero

82 3168 290 3234 mannahun
309 3192 379 3234 sese
397 3170 426 3235 ei
443 3171 636 3236 dediderunt.
680 3195 812 3256 quarum
834 3171 1006 3236 cohortium
1024 3172 1083 3235 mi-

84 3252 135 3322 lites
156 3273 282 3346 postero
308 3263 359 3327 die
385 3273 456 3328 ante
483 3265 632 3350 oppidum
657 3265 738 3330 Iuba
767 3267 965 3350 conspicatus
992 3288 1082 3331 suam

88 3367 136 3452 §tte
151 3356 329 3439 praedicans
348 3357 495 3441 praedam
514 3382 661 3445 maguam
683 3370 803 3443 partem
822 3382 929 3425 eorum
951 3359 1082 3423 interfici

10 3530 17 3541 Ι
89 3444 163 3524 urit,
178 3471 295 3534 paucos
314 3450 429 3515 eleetos
446 3451 480 3514 in
497 3474 628 3537 regnum
641 3453 769 3530 remisit,
788 3475 860 3517 eum
873 3452 977 3518 Varus
992 3475 1081 3517 auam

90 3529 160 3605 fidem
173 3541 211 3608 ab
229 3565 267 3607 eo
286 3543 368 3608 laedi
385 3556 565 3628 quereretur
577 3567 678 3630 neque
692 3547 836 3611 resistere
850 3546 987 3610 auderet.
1013 3546 1081 3630 ipse

93 3634 191 3709 tquain
207 3636 358 3723 oppidum
371 3648 480 3703 vectus
494 3639 753 3724 prosequentibus
768 3638 978 3725 compluribus
993 3662 1082 3703 sena-

95 3722 190 3807 tutu,
207 3752 271 3816 quo
284 3732 318 3795 in
331 3755 461 3797 numero
474 3743 540 3797 erat
555 3732 623 3799 Ser.
640 3732 799 3820 Sulpicius
815 3734 998 3798 etLicinius
1013 3733 1081 3797 Da-

96 3818 233 3915 }lttippus,
250 3826 370 3910 paucis,
389 3848 470 3910 quae
488 3827 555 3891 ficri
568 3826 671 3905 vcllct,
690 3827 803 3892 Uticae
816 3827 975 3893 constituit
989 3837 1081 3912 atque

10 3912 15 4011 .
97 3919 226 3995 bunut
246 3919 419 4005 diebusque
440 3933 513 4007 post
534 3923 643 4008 paucis
667 3945 701 3988 se
718 3923 751 3987 in
773 3946 905 4010 regnum
926 3945 998 3988 cum
1016 3946 1082 3989 om-

98 3999 164 4076 ¹¹ibus
177 4015 272 4103 copiis
288 4017 416 4103 recepit.
