2738 5272
468 811 586 868 COMll.
604 813 627 866 1.
643 812 763 868 46-51.
1064 799 1126 865 199

105 934 303 1000 difficultates
313 934 462 999 exercitui
473 934 618 1000 Caesaris
628 936 739 1000 attulit.
762 945 864 1001 castra
877 937 969 1015 enim,
983 946 1019 1001 ut
1032 960 1127 1022 supra

105 1030 350 1092 demonstratum
368 1041 424 1106 est,
444 1051 514 1093 cum
533 1040 638 1094 essent
655 1029 734 1094 inter
750 1028 879 1094 flumina
896 1031 971 1108 duo,
992 1029 1126 1097 Sicorim

105 1133 135 1186 et
154 1122 298 1207 Cingam,
318 1123 418 1206 spatio
436 1123 555 1187 milium
573 1121 692 1200 XXX,
711 1135 855 1188 neutrum
873 1124 984 1189 horum
1002 1125 1125 1190 transiri

104 1226 237 1300 poterat,
256 1217 494 1299 necessarioque
512 1239 620 1281 ornnes
638 1217 687 1281 his
706 1218 859 1303 angustiis
878 1217 1123 1284 continebantur.

103 1331 204 1392 neque
222 1310 377 1386 civitates,
401 1332 481 1393 quae
500 1311 539 1374 ad
559 1310 705 1375 Caesaris
729 1310 896 1376 amicitiam
918 1323 1123 1388 accesserant,

103 1405 293 1468 frumentum
312 1415 508 1489 supportare,
535 1428 636 1489 neque
654 1406 690 1482 ii,
718 1406 772 1489 qui
795 1405 976 1490 pabulatum
998 1407 1123 1493 longius

103 1500 259 1584 progressi
269 1511 364 1576 erant,
379 1500 539 1563 interclusi
552 1499 731 1564 fluminibus
745 1501 867 1576 reverti,
881 1523 982 1584 neque
996 1502 1124 1566 maximi

103 1604 307 1669 conmeatus,
331 1594 385 1676 qui
407 1616 446 1657 cx
463 1592 555 1658 Italia
574 1591 739 1678 Galliaque
762 1593 941 1671 veniebant,
968 1595 1001 1658 in
1021 1606 1125 1660 castra

102 1687 262 1770 pervenire
281 1698 431 1770 poterant.
469 1698 591 1771 tempus
610 1697 675 1751 erat
693 1697 797 1751 autem
816 1687 1042 1765 difficillimum,
1061 1711 1124 1772 quo

102 1802 200 1862 neque
219 1781 375 1844 frumenta
393 1779 448 1843 *in
466 1779 626 1845 hibernis*
645 1791 733 1845 erant
750 1803 851 1865 neque
869 1781 1000 1844 multum
1018 1805 1038 1845 a
1058 1804 1124 1845 rna-

102 1875 224 1938 turitate
250 1873 392 1951 aberant,
420 1896 458 1938 ac
483 1874 623 1939 civitates
650 1875 838 1951 exinanitae,
866 1875 950 1958 quod
971 1875 1123 1940 Afranius

101 1989 199 2051 paene
217 1989 307 2031 omne
326 1968 516 2031 frumentum
540 1978 611 2032 ante
631 1966 777 2032 Caesaris
801 1968 969 2032 adventum
986 1967 1123 2033 Ilerdam

101 2071 296 2137 convexerat,
315 2061 426 2143 reliqui
440 2061 467 2126 si
481 2061 556 2145 quid
569 2061 680 2138 suerat,
700 2061 819 2127 Caesar
832 2062 1042 2147 superioribus
1058 2062 1124 2126 die-

101 2154 159 2218 bus
183 2166 431 2239 consumpserat:
460 2177 588 2240 pecora,
615 2156 698 2238 quod
721 2155 893 2220 seeundum
915 2166 1035 2241 poterat
1053 2178 1123 2221 cssc

100 2248 221 2332 inopiae
241 2247 431 2325 subsidium,
453 2259 580 2333 propter
597 2247 713 2313 bellum
731 2248 879 2313 finitimae
898 2249 1037 2313 cititatcs
1055 2249 1123 2313 lon·

99 2343 169 2426 gius
191 2354 397 2407 removerant.
443 2343 497 2425 qui
523 2353 611 2407 crant
636 2343 806 2429 pabulandi
832 2353 886 2407 aut
912 2342 1123 2407 frumentandi

100 2458 196 2499 eausa
216 2437 387 2521 progressi,
415 2436 472 2501 hos
499 2436 577 2501 levis
604 2448 776 2500 armaturae
798 2437 944 2500 Lusitani
970 2437 1122 2521 peritique

99 2553 205 2593 earum
223 2531 384 2614 regionum
404 2531 511 2595 cetrati
534 2531 684 2594 citerioris
702 2531 876 2615 Hispaniae
899 2530 1122 2595 consectaban-

100 2634 162 2700 tur3
181 2623 294 2706 quibus
313 2635 378 2687 erat
394 2624 531 2708 proclive
549 2635 670 2688 tranare
688 2623 813 2701 flumen,
833 2624 916 2706 quod
930 2626 1121 2689 consuetudo

99 2740 206 2781 eorum
223 2718 361 2781 omnium
379 2729 436 2794 est,
455 2728 489 2781 ut
507 2719 574 2782 sinc
589 2717 708 2782 utribus
722 2718 763 2781 ad
776 2718 945 2781 exercitum
963 2740 1025 2781 non
1039 2729 1120 2782 eant.

98 2823 129 2875 at
144 2813 297 2876 exereitus
311 2811 436 2875 Afranii
450 2813 587 2875 omnium
605 2834 707 2876 rerum
722 2810 901 2876 abundabat
914 2811 1013 2896 eopia.
1041 2811 1121 2875 mul·
1138 2830 1170 2877 tu

99 2915 164 2967 tum
182 2916 247 2970 erat
265 2907 456 2968 frumentum
473 2906 634 2990 provisum
652 2916 683 2970 et
705 2916 887 2969 convectum
910 2903 1120 2990 superioribus

98 2999 303 3084 temporibus,
335 3001 468 3063 multum
494 3022 534 3064 ex
560 3000 645 3065 omni
670 3000 830 3085 provincia
855 2998 1119 3084 comportabatur3

97 3115 212 3176 magna
235 3094 325 3178 copia
345 3094 452 3178 pabuli
479 3093 674 3177 suppetebat.
718 3094 829 3157 harum
852 3093 991 3157 omnium
1016 3114 1121 3157 rerum

97 3185 260 3250 facultates
279 3188 346 3251 sinc
365 3187 427 3252 ullo
445 3188 582 3273 periculo
600 3210 679 3273 pons
693 3187 814 3252 Ilerdae
827 3186 996 3272 praebebat
1009 3196 1039 3250 et
1052 3185 1121 3250 loca

98 3289 181 3343 trans
195 3279 310 3344 flumen
323 3280 453 3365 integra,
469 3304 530 3364 quo
544 3282 670 3345 omnino
684 3280 803 3346 Caesar
815 3281 899 3344 adire
913 3303 976 3344 non
988 3289 1119 3365 poterat.

96 3371 156 3434 hae
173 3385 408 3456 permanserunt
426 3396 524 3458 aquae
538 3375 604 3439 dies
619 3374 803 3459 complures.
831 3384 961 3438 conatus
975 3384 1023 3438 est
1037 3372 1119 3438 Cae·
1137 3393 1170 3440 50

97 3489 149 3529 sar
166 3465 291 3530 reficere
308 3479 433 3551 pontes:
457 3468 513 3531 sed
530 3491 588 3532 nec
605 3469 788 3554 magnitudo
806 3468 942 3532 fluminis
960 3468 1118 3553 permitte-

97 3559 163 3632 bat,
192 3561 353 3641 nequead
379 3561 479 3645 ripam
505 3561 674 3646 dispositae
701 3561 843 3626 cohortes
871 3561 1118 3625 adversariorum

96 3652 203 3737 perfici
224 3653 434 3737 patiebantur3
461 3654 546 3737 quod
567 3655 628 3718 illis
650 3654 814 3739 prohibere
841 3664 906 3718 erat
933 3654 1023 3717 facile
1046 3675 1118 3716 cuin

96 3747 194 3831 ipsius
213 3747 347 3812 fluminis
366 3760 476 3813 natura
493 3759 586 3832 atque
601 3771 700 3832 aquae
714 3749 936 3834 magnitudine,
955 3757 1021 3809 tum
1034 3746 1119 3829 quod

96 3863 134 3903 ex
153 3841 224 3905 totis
241 3842 317 3927 ripis
336 3842 368 3906 iu
390 3866 487 3906 unum
510 3856 603 3925 atque
626 3852 794 3927 angustum
816 3841 920 3906 locum
943 3840 1004 3904 tela
1026 3839 1119 3903 iacie-

96 3932 221 4013 bantur3
239 3946 333 4018 atquc
351 3948 415 4000 erat
434 3936 560 4000 difficile
575 3935 684 4001 codem
699 3946 836 4020 tempore
849 3934 1046 4019 rapidissimo
1060 3932 1118 3996 flu·

96 4027 178 4091 mine
203 4051 298 4114 opera
324 4030 471 4114 perficere
499 4040 530 4093 ct
560 4030 622 4094 tela
647 4029 754 4093 vitare.
798 4028 958 4092 nuntiatur
983 4025 1117 4090 Afranio
1136 4047 1166 4094 51

95 4144 227 4207 magnos
245 4135 451 4201 commeatus,
479 4124 533 4207 qui
554 4124 613 4188 iter
629 4122 786 4187 habebant
808 4121 849 4185 ad
867 4120 1050 4197 Caesarem,
1077 4120 1118 4184 ad

95 4214 211 4280 flumen
225 4218 410 4282 constitisse.
438 4228 587 4282 venerant
601 4240 638 4281 co
652 4216 804 4302 sagittarii
818 4238 856 4279 ex
870 4215 1012 4292 Rutenis,
1031 4215 1118 4298 equi-

96 4319 143 4373 tes
161 4333 200 4374 cx
219 4309 323 4376 Gallia
341 4335 412 4377 eum
429 4312 535 4376 multis
555 4312 649 4375 carris
672 4310 856 4396 magnisque
877 4309 1115 4394 impedimentis,

96 4414 130 4467 ut
148 4404 206 4468 fert
226 4404 349 4470 Gallica
366 4405 567 4470 consuetudo.
604 4416 691 4469 erant
712 4417 872 4491 praeterea
894 4404 1044 4488 cuiusque
1061 4426 1117 4490 gc-

95 4499 178 4561 neris
196 4500 357 4563 hominum
370 4500 456 4564 milia
469 4500 589 4565 circiter
602 4499 650 4564 VI
664 4522 736 4564 cum
750 4499 848 4564 servis
861 4497 1042 4583 liberisqu03
1061 4498 1117 4562 scd

95 4593 200 4657 nullus
219 4595 308 4670 ordo,
337 4593 456 4658 nullum
474 4594 637 4679 imperium
655 4605 786 4671 eertum,
813 4614 885 4658 cum
908 4616 965 4659 suo
983 4591 1115 4675 quisque
