2692 5206
464 810 583 868 COMM.
602 815 636 870 v.
654 814 756 869 8-11.
1079 801 1120 867 75

92 938 130 1002 in
147 936 239 1001 litore
254 935 342 1002 molli
359 944 452 1021 atque
469 946 577 1022 aperto
589 936 741 1024 deligatas
755 937 796 1002 ad
809 959 953 1004 ancoram
966 937 1121 1023 relinque-

93 1031 164 1109 bat,
182 1042 216 1097 et
231 1032 388 1117 praesidio
404 1031 537 1097 navibus
556 1031 710 1115 Quintum
723 1031 849 1097 Atrium
867 1033 1025 1119 praefecit.
1051 1036 1119 1121 ipse

93 1134 195 1191 noctu
210 1147 398 1213 progressus
414 1126 500 1191 milia
516 1149 667 1212 passuum
686 1127 807 1192 circiter
823 1127 896 1192 XII
912 1127 1050 1194 hostium
1068 1150 1120 1194 co-

95 1220 168 1306 pias
186 1221 384 1307 conspicatus
403 1229 460 1285 est.
487 1220 532 1285 illi
549 1222 688 1306 equitatu
706 1231 799 1305 atquc
817 1222 936 1287 essedis
950 1222 991 1288 ad
1003 1222 1120 1288 flumen

93 1314 258 1401 progressi
274 1337 315 1380 ex
331 1314 400 1380 loco
418 1315 575 1400 superiore
593 1326 716 1380 nostros
734 1314 898 1401 prohibere
920 1325 951 1380 et
968 1317 1119 1402 proelium

94 1408 292 1473 committere
313 1419 490 1494 coeperunt.
533 1409 651 1495 repulsi
673 1408 713 1474 ab
740 1409 879 1493 equitatu
905 1432 940 1474 se
965 1410 999 1474 in
1024 1410 1119 1475 silvas

94 1501 286 1567 abdiderunt
301 1501 406 1566 locum
422 1503 526 1566 nancti
544 1503 670 1589 egregie
688 1512 719 1567 et
735 1513 847 1567 natura
864 1512 895 1567 et
908 1525 1002 1589 opere
1019 1505 1120 1567 muni-

95 1606 180 1674 tum,
202 1617 298 1679 quem
314 1596 477 1662 domestici
494 1596 577 1674 belli,
595 1606 631 1661 ut
647 1595 824 1674 videbatur,
848 1619 944 1662 causa
964 1597 1027 1661 inm
1048 1607 1119 1662 ante
1168 1629 1172 1653 ι

93 1700 372 1776 praeparaverant:
394 1714 467 1754 nam
485 1689 600 1755 crebris
619 1689 781 1755 arboribus
800 1691 929 1756 succisis
948 1713 1056 1755 omnes
1072 1691 1120 1755 in-

95 1783 212 1849 troitus
235 1794 323 1849 erant
343 1784 507 1870 praeclusi.
550 1785 611 1869 ipsi
633 1807 674 1848 ex
691 1785 778 1850 silvis
800 1785 861 1849 rari
881 1784 1120 1871 propugnabant

94 1886 285 1962 nostrosque
301 1878 383 1943 intra
398 1879 585 1944 munitiones
603 1879 723 1964 ingredi
739 1879 954 1965 prohibebant.
990 1889 1023 1944 at
1040 1879 1120 1943 mili-

94 1982 146 2037 tes
167 1970 301 2059 legionis
324 1972 473 2057 septimae
490 1973 645 2037 testudine
667 1973 751 2037 facta
773 1983 804 2038 et
824 1995 939 2060 aggere
961 1973 1002 2038 ad
1019 1973 1120 2038 muni·

94 2065 198 2131 tiones
217 2065 337 2132 adiecto
353 2066 457 2131 locum
474 2076 623 2152 ceperunt
640 2089 756 2151 eosque
771 2089 811 2132 ex
830 2067 917 2132 silvis
935 2067 1119 2153 expulerunt

93 2159 208 2245 panda
225 2158 405 2225 uulneribus
418 2161 564 2247 acceptis.
591 2160 647 2226 sed
660 2183 715 2226 eos
728 2161 885 2248 fugientes
898 2162 1023 2248 longius
1038 2160 1120 2226 Cae-

94 2275 152 2318 sar
170 2254 318 2339 prosequi
339 2255 450 2331 vetuit,
478 2265 509 2319 et
530 2255 615 2339 quod
636 2255 696 2320 loci
719 2267 862 2320 naturam
883 2255 1060 2343 ignorabat,
1087 2265 1118 2319 et

93 2348 182 2432 quod
199 2370 316 2435 magna
327 2359 415 2435 parte
427 2350 489 2415 diei
502 2360 666 2415 consumta
679 2350 842 2415 munitioni
856 2362 1026 2415 castrorum
1040 2360 1117 2414 tem-

94 2464 158 2529 pus
178 2442 311 2527 relinqui
333 2442 466 2509 volebat.
509 2445 658 2530 postridie
680 2445 747 2509 eius
770 2445 832 2509 dici
854 2466 945 2509 mane
966 2445 1117 2530 tripertito
1138 2465 1168 2511 10

94 2535 213 2602 milites
230 2537 412 2622 equitesque
429 2538 462 2602 in
475 2539 704 2624 expeditionem
716 2538 811 2615 misit,
829 2548 865 2602 ut
878 2560 941 2615 eos,
959 2538 1014 2621 qui
1027 2537 1118 2624 fuge-

94 2640 180 2710 rant,
202 2642 470 2717 persequerentur.
515 2632 564 2698 his
582 2633 775 2717 aliquantum
793 2632 910 2697 itineris
931 2632 1117 2718 progressis,

93 2748 169 2791 cnm
190 2726 255 2790 iam
276 2727 407 2791 extremi
428 2739 533 2792 essent
554 2728 587 2791 in
609 2736 788 2814 prospectu,
815 2727 936 2809 equites
958 2749 978 2789 a
999 2718 1118 2807 Quinto

94 2817 418 2885 Atrioathsessrem
426 2830 586 2898 venerunt,
605 2820 658 2904 qui
668 2820 844 2884 nuntiarent
857 2819 1014 2903 superiore
1028 2828 1119 2883 nocte
1217 2892 1220 2899 ¹

93 2914 235 2979 maxima
251 2923 358 2980 onoma
370 2924 553 3001 tempestate
566 2936 663 3000 prope
681 2935 789 2978 omnes
807 2934 904 2977 naves
921 2912 1054 2977 afflictas
1073 2922 1119 2975 at-

93 3028 158 3091 qne
173 3007 211 3072 in
229 3007 320 3073 litore
341 3009 455 3073 eiectas
478 3030 562 3085 csse,
584 3009 669 3092 quod
691 3030 791 3091 neque
813 3027 944 3072 ancorae
965 3005 1118 3089 funesque
1192 3032 1195 3039 ·

94 3099 311 3179 subsisterent,
329 3124 431 3188 neque
447 3111 561 3167 nautsoe
578 3101 864 3188 gubernatoresque
881 3100 944 3164 sim
961 3099 1027 3186 pati
1041 3111 1118 3163 tcm-

94 3195 226 3282 pestatis
243 3206 386 3282 possent:
408 3197 513 3281 itaque
531 3219 625 3262 exeo
644 3218 798 3261 concursu
819 3195 945 3259 navium
967 3216 1118 3281 magnum

93 3312 166 3355 esse
187 3288 420 3356 incommodum
442 3302 614 3378 acceptum.
658 3291 707 3355 his
729 3289 823 3355 rebus
846 3289 979 3375 cognitis
999 3287 1118 3353 Caesar
1138 3310 1166 3356 11

93 3383 237 3470 legiones
264 3384 497 3470 equitatumque
517 3385 657 3450 revocari
678 3393 771 3467 atque
792 3385 824 3448 in
846 3383 954 3448 itinere
975 3383 1118 3447 resistere

93 3477 198 3555 iubet3
215 3478 284 3563 ipse
301 3478 342 3542 ad
359 3501 455 3544 naves
472 3479 649 3556 revertitur3
667 3479 777 3543 eadem
791 3477 865 3555 sere,
885 3498 966 3560 quae
983 3499 1021 3540 ex
1039 3499 1118 3539 nun·

94 3572 147 3637 tiis
164 3571 326 3656 literisque
344 3584 547 3660 cognoverat,
571 3597 676 3639 coram
692 3574 854 3660 perspicit,
878 3574 923 3638 sic
940 3583 975 3636 ut
992 3572 1117 3636 amissis

93 3665 219 3731 circiter
238 3665 308 3731 XL
329 3667 463 3734 navibus
484 3668 622 3752 reliquae
644 3678 747 3732 tamen
774 3667 858 3732 refici
883 3688 978 3752 posse
1003 3686 1118 3749 magno

93 3758 223 3845 negotio
239 3760 427 3826 viderentur.
466 3762 571 3846 itaque
589 3785 629 3827 ex
646 3760 820 3847 legionibus
838 3759 944 3825 fabros
963 3758 1071 3844 deligit
1088 3768 1119 3821 et

93 3874 136 3917 ex
148 3853 322 3919 continenti
334 3855 412 3920 alios
426 3856 542 3920 arcessi
556 3854 656 3935 iubet3
674 3855 818 3921 Labieno
828 3853 943 3930 scribit,
962 3863 1005 3930 ut,
1024 3875 1118 3936 quam

94 3946 247 4031 plurimas
264 3959 382 4035 posset,
400 3950 439 4015 iis
457 3949 649 4036 legionibus,
668 3972 749 4034 quac
768 3958 841 4014 sunt
858 3949 942 4035 apud
960 3970 1045 4023 cum,
1063 3970 1119 4010 nn-

94 4062 152 4107 res
167 4042 321 4109 instituat.
365 4045 447 4131 ipsc,
470 4046 530 4111 etsi
551 4068 601 4111 res
619 4056 685 4111 erat
706 4045 821 4109 multae
844 4066 957 4130 operae
978 4064 1015 4107 ac
1032 4041 1118 4107 labo-

93 4135 148 4213 ris,
165 4144 272 4201 tamen
290 4138 577 4209 commodissimum
595 4161 665 4204 esse
683 4140 790 4205 statuit
807 4161 916 4203 omnes
929 4159 1025 4202 naves
1045 4136 1118 4201 sub-

93 4229 169 4295 duci
185 4240 218 4294 et
234 4252 308 4295 cum
326 4233 435 4298 castris
453 4256 516 4298 una
533 4234 703 4298 munitione
721 4232 877 4318 coniungi.
907 4232 941 4296 in
958 4232 1006 4296 bis
1024 4231 1117 4295 robus

94 4324 217 4389 circiter
233 4324 302 4391 dies
319 4325 358 4391 X
374 4328 529 4393 consumit
546 4350 586 4392 ne
602 4328 760 4393 nocturnis
783 4327 909 4410 quidem
927 4325 1117 4410 temporibus

94 4417 136 4482 ad
155 4416 298 4484 laborem
319 4420 453 4485 militum
478 4421 673 4486 intermissis.
719 4420 880 4487 subductis
906 4419 1039 4484 navibus
1067 4441 1118 4481 ca-

95 4512 231 4597 strisque
249 4516 376 4602 egregie
393 4516 520 4581 munitis
539 4516 666 4580 easdem
684 4516 805 4601 copias,
828 4537 906 4599 quas
925 4526 1010 4590 ante,
1029 4534 1117 4598 prac-

95 4606 179 4673 sidio
199 4608 334 4675 navibus
356 4610 493 4694 reliquit,
520 4610 588 4696 ipse
614 4610 737 4689 codem,
766 4609 848 4673 unde
873 4608 1019 4684 redierat,
1045 4628 1116 4690 pro-
