2692 5206
481 812 599 870 coust.
616 815 653 869 ll.
670 814 755 872 5-8.
1081 804 1121 870 31

91 940 189 1027 quod
207 940 306 1005 estin
323 938 469 1005 extremis
486 938 656 1005 Remorum
673 940 801 1018 finibus,
829 941 998 1006 exereitum
1019 941 1124 1006 tradu-

94 1056 174 1100 eere
191 1033 359 1099 maturavit
375 1042 470 1117 atque
486 1031 530 1098 ibi
547 1044 649 1099 eastra
669 1035 784 1119 posuit
828 1056 909 1119 quae
926 1057 976 1101 res
995 1045 1026 1100 et
1042 1035 1123 1100 lutus

95 1150 204 1195 unum
221 1136 394 1193 eastromm
411 1127 487 1213 ripis
505 1127 641 1193 fluminis
655 1129 815 1194 muniebat
832 1138 946 1214 etpost
959 1151 1031 1195 cum
1043 1152 1124 1213 quae

96 1233 220 1299 essent,
238 1232 304 1287 tuta
320 1222 360 1287 ab
378 1221 520 1287 hostibus
533 1222 682 1288 reddebat
695 1234 734 1301 et,
753 1233 944 1289 commeatus
962 1224 1002 1291 ab
1014 1224 1123 1290 Remis

96 1316 294 1401 reliquisque
319 1315 497 1381 civitatibus
524 1327 558 1380 ut
584 1317 652 1381 sine
677 1318 815 1403 periculo
842 1318 883 1383 ad
912 1340 984 1383 cum
1008 1320 1124 1404 portari

99 1422 250 1497 possent,
271 1408 437 1475 efficiebat.
482 1410 514 1473 in
531 1432 569 1476 eo
586 1411 713 1476 flumine
731 1434 810 1497 pons
828 1422 903 1477 erat.
947 1412 990 1478 ibi
1006 1413 1124 1497 pracsi-

100 1505 193 1569 dium
210 1504 297 1589 ponit
313 1514 345 1569 et
361 1503 395 1568 in
416 1504 514 1569 altera
534 1515 621 1590 parte
643 1505 780 1570 fluminis
799 1504 839 1588 Q.
859 1505 1013 1570 Titurium
1033 1504 1124 1572 Sabi-

100 1621 183 1663 num
198 1598 337 1684 legatum
354 1619 427 1662 cum
446 1620 502 1663 sex
519 1598 698 1664 cohortibus
715 1600 875 1682 relinquit3
893 1610 995 1665 eastra
1011 1600 1044 1664 in
1057 1600 1125 1663 alti·
1163 1677 1165 1682 Ι

102 1692 246 1757 tudinem
274 1691 391 1777 pcdum
421 1693 586 1757 duodecim
616 1693 698 1759 vallo
732 1693 881 1777 fossaque
912 1694 1125 1779 duodeviginti

101 1786 223 1871 pedum
239 1785 359 1851 munire
376 1786 473 1853 iubet.

170 1878 225 1945 Ab
253 1880 303 1945 his
334 1881 443 1945 eastris
475 1881 625 1967 oppidum
651 1881 822 1947 Remorum
852 1882 977 1947 nomine
1006 1880 1159 1949 Bibraxs

103 1973 216 2039 aberat
231 1974 317 2039 milia
336 1996 488 2060 passuum
510 1986 590 2041 oeto.
634 1976 668 2040 id
685 1998 724 2040 ex
745 1977 853 2041 itinere
876 1998 990 2063 magno
1007 1976 1126 2060 impetu

103 2066 227 2154 Belgae
248 2090 430 2155 oppugnare
451 2081 628 2156 coeperunt.
673 2092 765 2157 aegre
788 2093 824 2135 eo
846 2070 896 2135 die
918 2080 1125 2136 sustentatum

103 2171 165 2226 est.
188 2158 352 2227 Gallorum
365 2163 474 2228 eadem
487 2176 580 2247 atquc
589 2164 760 2250 Belgarum
773 2165 963 2251 oppugnatio
978 2176 1025 2230 ost
1038 2164 1124 2229 haec.

104 2254 162 2321 ubi
178 2256 376 2341 circumiecta
393 2257 590 2323 multitudine
610 2259 771 2324 hominum
793 2260 864 2325 totis
887 2260 1050 2325 moenibus
1067 2282 1126 2323 un-

104 2348 200 2433 dique
218 2350 251 2415 in
267 2374 391 2416 murum
408 2351 527 2437 lapides
545 2352 604 2417 iaci
622 2354 724 2439 eoepti
742 2363 814 2418 sunt
831 2375 999 2437 murusque
1017 2352 1125 2418 defen-

105 2442 232 2509 soribus
253 2444 389 2511 nudatus
410 2457 473 2523 est,
501 2447 655 2512 testudine
681 2447 766 2513 faeta
792 2446 926 2534 [portas]
954 2448 1125 2513 succedunt

105 2560 294 2623 murumque
311 2539 473 2604 subruunt.
517 2541 601 2624 quod
619 2551 684 2605 tum
702 2541 794 2607 facile
815 2541 918 2607 fiebat.
962 2565 1035 2605 nam
1053 2563 1126 2606 cum

106 2642 195 2697 tanta
211 2632 377 2698 multitudo
394 2633 514 2719 lapides
531 2656 569 2699 ae
587 2635 649 2700 tela
666 2636 849 2713 coniectent,
868 2637 900 2700 in
917 2657 1006 2701 muro
1025 2635 1127 2700 consi-

105 2725 212 2791 stendi
239 2736 378 2811 potestas
404 2737 470 2792 crat
495 2728 581 2793 nulli.
626 2751 698 2793 eum
720 2729 815 2793 finem
836 2729 1036 2814 oppugnandi
1062 2751 1126 2793 nox

105 2819 249 2898 fecisset,
275 2819 378 2885 Iccius
396 2821 530 2899 Remus,
558 2845 681 2887 summa
697 2822 857 2887 nobilitate
879 2833 909 2886 et
931 2822 1031 2907 gratia
1047 2821 1128 2885 inter

106 2934 193 2991 suos,
212 2914 267 2997 qui
280 2924 347 2978 tum
359 2915 475 3000 oppido
487 2916 675 3001 praefuerat,
694 2938 774 2980 unus
789 2916 890 2993 exiis,
909 2915 962 2999 qui
976 2914 1070 2999 legati
1087 2914 1126 2978 de

105 3028 185 3093 paee
202 3008 245 3072 ad
263 3006 431 3074 Caesarem
448 3021 610 3087 venerant,
633 3011 777 3074 nuntium
794 3010 835 3074 ad
852 3032 924 3074 eum
941 3009 1048 3085 mittit,
1065 3008 1126 3072 nisi

107 3099 285 3166 subsidium
311 3101 371 3168 sibi
397 3102 610 3181 submittatur,
643 3126 712 3168 sese
739 3104 855 3168 diutius
886 3104 1038 3167 sustinere
1063 3125 1127 3167 non

106 3216 214 3281 posse.
262 3217 300 3261 eo
322 3196 361 3261 de
387 3197 492 3262 media
512 3209 603 3262 noete
626 3197 745 3263 Caesar
765 3198 866 3263 isdem
887 3195 1018 3262 ducibus
1042 3217 1160 3273 usust

106 3289 162 3373 qui
175 3289 276 3353 nuntii
289 3289 423 3355 abIeeio
436 3302 593 3368 venerant,
612 3292 764 3357 Numidas
779 3303 810 3357 et
824 3290 933 3357 Cretas
953 3291 1129 3377 sagittarios

106 3396 139 3448 et
156 3383 330 3449 funditores
346 3383 496 3450 Baleares
519 3385 659 3452 subsidio
681 3386 844 3471 oppidanis
866 3385 973 3463 mittit;
995 3408 1127 3469 quorum

107 3476 247 3542 adventu
271 3487 303 3542 et
323 3478 432 3544 Remis
455 3501 528 3544 eum
554 3502 610 3564 spe
636 3479 826 3545 defensionis
854 3479 991 3544 studium
1012 3501 1128 3565 propu-

106 3570 227 3657 gnandi
243 3573 385 3651 accessit,
404 3584 434 3639 et
451 3573 594 3640 hostibus
612 3574 721 3639 eadem
739 3574 778 3638 de
792 3596 887 3638 causa
901 3595 972 3658 spes
986 3573 1127 3658 potiundi

108 3666 217 3753 oppidi
238 3667 392 3734 discessit.
436 3669 540 3753 itaque
562 3670 720 3754 paulisper
742 3668 826 3754 apud
847 3668 997 3752 oppidum
1018 3667 1128 3731 morati

108 3782 266 3848 agrosque
286 3761 458 3827 Remorum
485 3764 663 3849 depopulati
691 3762 835 3828 omnibus
862 3762 939 3827 vicis
966 3760 1129 3826 aedificiis-

109 3877 181 3939 que,
199 3877 281 3941 quos
293 3856 379 3922 adire
391 3868 564 3943 potuerant,
583 3858 719 3923 incensis
734 3858 774 3921 ad
787 3869 890 3923 eastra
904 3856 1048 3922 Caesaris
1063 3877 1130 3918 om·

109 3948 204 4015 nibus
225 3950 325 4036 copiis
348 3952 573 4018 contenderunt
595 3964 626 4017 et
648 3952 688 4018 ab
712 3951 837 4017 milibus
860 3973 1010 4038 passuum
1027 3949 1129 4013 minus

110 4043 235 4109 duobus
253 4056 355 4111 castra
368 4059 553 4131 posuerunt;
572 4068 652 4130 quae
668 4056 778 4123 eastra,
797 4058 832 4110 ut
845 4046 933 4110 fumo
947 4055 1040 4127 atque
1052 4042 1131 4128 igni·

111 4136 171 4203 bus
189 4138 436 4227 significabatur,
459 4141 592 4227 amplius
611 4140 737 4205 milibus
753 4162 906 4226 passuum
929 4149 997 4203 oeto
1015 4138 1046 4201 in
1064 4137 1132 4202 lati-

111 4232 253 4298 tudinem
268 4233 426 4320 patebant.
459 4234 578 4301 Caesar
594 4236 694 4321 primo
713 4246 744 4300 et
760 4245 887 4320 propter
904 4232 1131 4297 multitudinem
1150 4252 1165 4300 8

110 4327 249 4393 hostium
279 4339 312 4394 et
337 4341 463 4416 propter
489 4331 635 4396 eximiam
661 4330 839 4416 opinionem
869 4328 989 4394 virtutis
1015 4328 1133 4413 proelio

110 4421 316 4509 supersedere
343 4425 466 4502 statuit3
497 4425 609 4490 cotidie
636 4436 740 4489 tamen
771 4423 966 4507 equestribus
997 4422 1132 4507 proeliis,

109 4516 186 4603 quid
204 4517 304 4587 hostis
321 4518 436 4585 virtute
452 4530 559 4606 posset
577 4527 608 4583 et
625 4520 700 4603 quid
717 4519 814 4583 nostri
832 4519 994 4594 auderent,
1013 4515 1134 4601 pericli-

110 4612 245 4679 tabatur.
289 4612 345 4679 ubi
366 4624 489 4679 nostros
511 4636 573 4678 non
595 4634 664 4678 esse
687 4612 848 4678 inferiores
874 4611 1037 4687 intellexit,
1064 4609 1132 4675 looo
