2738 5272
453 836 580 895 CAPUT
598 837 718 892 33-36.
1025 824 1086 890 341

73 976 181 1044 tesque
199 984 239 1025 ex
256 960 388 1025 navibus
411 982 554 1045 egressos
577 957 663 1023 iubet
684 981 723 1022 ex
741 958 889 1044 languore
910 982 1088 1044 nauseaque

72 1056 207 1131 reficere,
226 1055 371 1119 dimissos
389 1055 421 1117 in
440 1053 567 1118 castella
583 1053 832 1137 munitionesque
848 1054 994 1139 disponit.
1021 1057 1089 1139 qui·
1108 1077 1140 1124 ³5

73 1150 131 1215 bus
150 1149 244 1213 rebus
260 1147 366 1233 Scipio
380 1149 495 1231 quique
509 1170 580 1212 cum
594 1169 631 1211 eo
645 1157 749 1212 essent
762 1147 864 1211 mirari
878 1158 909 1211 et
922 1149 1088 1232 requirere:

73 1241 111 1309 0.
132 1243 317 1318 Caesarem,
344 1243 398 1325 qui
421 1243 501 1305 ultro
525 1253 707 1306 consuesset
728 1240 843 1305 bellum
861 1242 974 1307 inferre
992 1265 1029 1307 ae
1046 1243 1090 1307 la·

73 1360 194 1402 cessere
213 1336 339 1421 proelio,
359 1335 461 1399 subito
480 1346 704 1399 commutatum
720 1357 782 1398 non
801 1335 867 1399 sine
885 1358 999 1421 magno
1017 1357 1091 1400 eon·

74 1433 142 1496 silio
162 1430 408 1515 suspicabantur.
452 1430 557 1512 itaque
579 1452 618 1493 ex
640 1430 706 1494 eius
725 1429 872 1513 patientia
894 1430 925 1492 in
943 1453 1091 1516 magnum

74 1528 215 1589 timorem
229 1525 359 1588 coniecti
374 1546 413 1588 ex
427 1521 568 1589 Gaetulis
582 1524 671 1600 duos,
690 1546 768 1607 quos
787 1522 1013 1588 arbitrabantur
1026 1525 1091 1590 suis

73 1620 166 1683 rebus
194 1618 413 1694 amicissimos,
441 1617 562 1701 magnis
588 1618 732 1701 praemiis
759 1617 1091 1702 pollicitationibusque

73 1712 239 1797 propositis
258 1734 313 1796 pro
327 1711 467 1796 perfugis
481 1710 660 1795 speculandi
674 1711 773 1796 gratia
786 1712 818 1774 in
832 1709 977 1775 Caesaris
991 1722 1093 1775 eastra

74 1806 207 1869 mittunt.
235 1805 287 1887 qui
306 1804 398 1869 simul
417 1805 547 1868 adeum
565 1816 638 1867 sunt
651 1804 784 1880 deducti,
803 1803 966 1889 petierunt,
984 1814 1020 1868 ut
1033 1804 1092 1869 sibi

73 1899 179 1962 liceret
197 1898 291 1962 verba
310 1898 376 1961 sine
393 1897 531 1982 periculo
549 1897 700 1982 proloqui.
727 1907 880 1982 potestate
898 1897 990 1974 facta,
1010 1904 1093 1962 ‘sae-

74 1991 266 2076 penumero‚'
288 1992 445 2075 inquiunt,
470 1992 665 2075 ‘imperator,
688 1991 862 2076 complures
881 1988 1020 2067 Gaetuli,
1039 1991 1092 2075 qui

75 2109 182 2149 sumus
200 2086 328 2149 clientes
348 2084 385 2149 0.
404 2083 497 2160 Mari,
517 2095 547 2148 et
564 2085 788 2169 propemodum
806 2106 913 2149 omnes
931 2085 1015 2148 cives
1028 2083 1093 2149 Ro-

75 2180 170 2256 mani,
197 2180 251 2262 qui
270 2190 343 2243 sunt
360 2179 392 2241 in
410 2178 532 2264 legione
550 2178 620 2240 1111
637 2194 668 2242 et
687 2177 747 2255 VI,
775 2178 815 2242 nd
837 2188 866 2242 te
887 2178 1042 2242 voluimus
1060 2178 1092 2241 in

74 2285 187 2356 tuaque
206 2273 361 2357 praesidia
378 2272 546 2356 confugere
552 2296 561 2349 ;
585 2271 640 2336 sed
658 2273 806 2336 custodiis
829 2272 968 2355 equitum
984 2271 1093 2335 Numi-

74 2367 198 2443 darum,
225 2388 287 2449 quo
309 2366 342 2430 id
365 2366 431 2429 sine
449 2365 587 2450 periculo
604 2366 707 2430 minus
730 2365 917 2442 faceremus,
943 2365 1092 2449 impedie-

75 2460 194 2523 bamur.
238 2481 320 2523 nunc
343 2459 416 2523 data
438 2459 586 2523 facultate
609 2482 665 2544 pro
692 2458 937 2545 speculatoribus
963 2459 1052 2523 missi
1075 2483 1093 2521 a

77 2554 222 2637 Scipione
250 2555 289 2617 ad
316 2565 346 2618 te
373 2553 573 2638 cupidissime
600 2553 755 2629 venimus,
782 2562 816 2616 ut
837 2553 1092 2637 perspiceremus,

76 2668 150 2708 num
168 2669 247 2728 quae
266 2647 371 2710 fossae
393 2656 447 2709 aut
468 2646 599 2710 insidiae
621 2645 792 2731 elephantis
811 2656 882 2710 ante
905 2656 1006 2709 castra
1023 2667 1094 2730 por-

77 2750 185 2820 tasque
205 2738 276 2801 valli
295 2739 396 2802 factae
414 2750 527 2814 essent,
548 2738 701 2823 simulque
719 2739 849 2803 consilia
868 2747 970 2803 vestra
986 2748 1094 2803 contra

76 2833 201 2895 easdem
219 2832 334 2896 bestias
353 2833 675 2917 comparationemque
692 2855 816 2918 pugnae
835 2854 1094 2918 cognosceremus

76 2938 168 3009 atque
190 2925 228 2988 iis
256 2926 522 2990 renuntiaremus?
566 2927 620 3009 qui
645 2926 811 2991 collaudati
837 2950 857 2990 a
878 2921 1014 2991 Caesare
1041 2925 1095 2988 sti-

75 3020 249 3103 pendioque
268 3020 374 3083 donati
392 3020 432 3083 ad
449 3020 585 3102 reliquos
603 3019 752 3105 perfugas
771 3020 974 3084 deducuntur.
1018 3040 1095 3101 quo-

75 3136 143 3175 rum
175 3115 346 3178 orationem
378 3114 518 3177 celeriter
548 3114 662 3178 veritas
699 3112 924 3199 comprobarit:
961 3133 1095 3195 namque

74 3220 198 3290 postero
221 3209 270 3271 die
294 3232 332 3272 ex
355 3207 530 3294 lcgioiribus
553 3207 617 3284 his,
644 3231 722 3291 quas
741 3206 867 3274 Gaetuli
888 3208 1094 3283 nominarunt,

76 3301 187 3365 milites
210 3302 372 3387 legionarii
393 3303 569 3386 complures
593 3302 633 3367 ab
658 3302 804 3387 Scipione
831 3303 863 3366 in
890 3312 992 3366 castra
1014 3300 1096 3365 Cae-

77 3395 154 3458 saris
173 3397 384 3481 perfugerant.
429 3396 502 3459 dum
522 3397 598 3460 haee
616 3397 656 3460 ad
674 3397 847 3482 Ruspinam
865 3408 1023 3481 geruntur,
1047 3395 1093 3459 M.
1114 3416 1146 3463 36

78 3487 172 3564 Catu,
199 3489 252 3570 qui
270 3488 382 3553 Uticae
400 3502 555 3574 praeerat,
582 3491 720 3554 delectus
739 3491 851 3554 cotidie
873 3490 1095 3564 libertinorum,

77 3581 241 3659 Afrorum,
264 3605 425 3647 servorum
442 3584 575 3666 denique
594 3595 624 3648 et
642 3584 877 3667 cuiusquemodi
899 3584 1022 3669 generis
1040 3583 1097 3646 ho-

77 3676 204 3752 minum,
223 3678 277 3759 qui
294 3678 386 3741 modo
404 3699 459 3761 per
472 3689 604 3741 aetatem
618 3701 704 3741 anna
716 3679 797 3741 ferre
813 3687 964 3762 poterant,
982 3674 1097 3740 habere

77 3782 169 3851 atquc
187 3770 246 3834 sub
265 3794 392 3834 manum
407 3771 546 3856 Scipioni
564 3772 596 3834 in
609 3784 711 3835 castra
725 3771 905 3835 submittere
924 3792 986 3834 non
1004 3771 1097 3833 inter·

77 3864 177 3927 mittit.
222 3863 315 3950 legati
334 3865 456 3928 interim
479 3888 518 3928 ex
536 3864 650 3949 oppido
669 3865 839 3939 Thisdrae,
866 3865 898 3928 in
920 3885 982 3947 quo
1005 3863 1097 3926 tritici

77 3958 216 4021 modium
238 3958 323 4022 milia
342 3956 431 4022 000
454 3967 646 4043 comportata
668 3959 790 4022 fuerant
812 3982 831 4022 a
853 3956 1096 4041 negotiatoribus

80 4050 193 4114 Italicis
221 4051 469 4134 oratoribusque,
498 4053 538 4114 ad
566 4050 735 4115 Caesarem
764 4073 888 4126 venere,
920 4061 1096 4133 quantaque

78 4144 167 4227 copia
180 4144 326 4208 frumenti
345 4147 428 4229 apud
447 4167 481 4208 se
495 4145 544 4220 sit,
564 4145 684 4222 docent,
705 4145 858 4227 simulque
873 4153 970 4220 orant,
989 4153 1024 4206 ut
1037 4142 1097 4207 sibi

78 4238 266 4322 praesidium
288 4239 403 4314 mittat,
432 4261 494 4322 quo
518 4238 641 4303 facilius
666 4249 696 4302 et
722 4241 911 4301 frumentum
938 4247 969 4301 et
989 4237 1097 4322 copiae

78 4354 152 4394 suae
175 4345 404 4396 conserventur.
450 4332 564 4414 quibus
588 4331 707 4396 Caesar
730 4331 959 4416 inpraesentia
980 4331 1096 4416 gratias

77 4426 141 4510 egit
162 4427 414 4509 praesidiumque
436 4425 524 4490 brevi
546 4435 683 4509 tempore
706 4447 739 4489 se
762 4426 928 4489 missurum
951 4425 1028 4488 dixit
1046 4447 1097 4488 co·

77 4521 278 4603 hortatusque
297 4520 337 4584 ad
356 4543 429 4583 suos
447 4521 532 4583 cives
550 4519 636 4583 iubet
656 4519 819 4603 proficisci.
863 4519 901 4583 P.
922 4518 1032 4584 Sittius
1050 4519 1097 4581 in-

77 4614 164 4677 terim
188 4637 259 4677 cum
282 4614 379 4699 copiis
401 4613 567 4677 Numidiae
589 4613 666 4677 fines
689 4613 848 4697 ingressus
876 4613 1037 4678 castellum
1063 4612 1094 4675 in
