2738 5272
183 791 245 856 302
488 796 603 853 BELLI
621 798 889 855 ALEXANDRINI

180 927 265 1010 quod
277 946 392 989 nomen
405 946 424 986 a
437 921 635 986 similitudine
648 922 767 986 litterae
781 923 913 1006 accepit:
932 944 1004 986 nam
1017 946 1090 1008 pars
1103 945 1203 1007 quae·

181 1022 254 1083 dam
272 1018 406 1083 fluminis
420 1016 483 1080 Nili
500 1016 638 1080 derivata
654 1016 734 1080 inter
751 1037 785 1080 se
803 1016 925 1081 duobus
944 1017 1104 1082 itineribus
1122 1040 1204 1102 pau-

181 1114 268 1178 latim
285 1111 422 1175 medium
439 1111 519 1174 inter
536 1131 570 1173 se
588 1109 723 1194 spatium
740 1111 916 1192 relinquens
930 1110 1143 1176 diversissimo
1161 1114 1203 1176 ad

181 1207 254 1272 litus
273 1204 434 1270 intervallo
452 1202 529 1268 mari
546 1204 752 1289 coniungitur.
788 1206 839 1267 cui
856 1203 924 1269 loeo
943 1225 1014 1268 eum
1032 1206 1204 1290 appropin-

182 1322 276 1384 quare
294 1298 498 1362 Mithridaten
515 1318 570 1360 rex
589 1298 788 1382 cognovisset
805 1308 836 1361 et
853 1300 1077 1362 transeundum
1096 1300 1123 1363 ei
1143 1301 1205 1364 flu-

181 1416 254 1458 men
272 1394 373 1468 sciret,
392 1413 521 1477 niagnas
538 1392 688 1456 adversus
707 1414 778 1455 eum
792 1392 897 1476 copias
912 1393 1004 1467 misit,
1023 1393 1137 1475 quibus
1151 1395 1204 1458 vel

182 1487 321 1572 superari
333 1485 489 1568 delerique
502 1483 705 1549 Mithridaten
719 1485 769 1549 vel
782 1485 848 1549 sine
861 1485 957 1551 dubio
970 1488 1093 1551 retineri
1106 1511 1204 1572 posse

182 1580 336 1646 credebat.
372 1578 633 1663 quemadmodum
654 1590 758 1643 autem
785 1580 911 1664 optabat
933 1603 1004 1645 eum
1031 1583 1126 1658 vinci,
1156 1584 1206 1647 sic

183 1677 258 1741 satis
280 1675 416 1740 habebat
437 1673 636 1739 interclusum
658 1696 678 1737 a
696 1673 831 1738 Caesare
854 1699 873 1739 a
894 1697 928 1739 se
951 1676 1083 1739 retineri.
1119 1698 1205 1758 quae

182 1772 299 1856 primae
317 1769 425 1854 copiae
443 1768 556 1832 flumen
575 1792 594 1832 a
608 1768 703 1832 Delta
720 1768 849 1832 transire
862 1778 893 1832 et
906 1768 1078 1832 Mithridati
1092 1791 1206 1834 occur·

183 1887 250 1930 rere
267 1873 447 1949 potuerunt,
470 1862 620 1946 proelium
642 1862 862 1926 commiserunt
879 1863 1062 1927 festinantes
1084 1865 1205 1947 praeri-

182 1980 257 2042 pere
274 1955 534 2040 subsequcntibus
558 1955 703 2020 victoriae
725 1956 913 2020 societatem.
949 1979 1080 2039 quorum
1102 1959 1206 2042 impe-

183 2064 250 2116 tum
280 2052 477 2116 Mithridates
507 2073 622 2136 magna
652 2072 723 2114 cum
753 2050 916 2134 prudentia
947 2049 1206 2136 [constantiaque

183 2146 332 2210 virtutum
358 2156 389 2209 et
413 2144 695 2209 Alexandrinorum
725 2144 949 2231 imprudentia]
978 2147 1205 2210 consuetudine

183 2253 289 2303 nostra
311 2240 420 2304 eastris
441 2238 562 2303 vallatis
586 2239 744 2304 sustinuit:
772 2262 843 2303 oum
864 2262 939 2304 vero
962 2241 1084 2303 incaute
1106 2252 1205 2323 atque

182 2332 350 2397 insolenter
372 2332 536 2397 succedere
559 2355 613 2397 eos
636 2333 858 2397 munitionibus
882 2334 1012 2408 rideret,
1040 2335 1206 2417 eruptione

183 2426 318 2509 undique
336 2427 418 2491 facta
439 2450 587 2512 magnum
605 2451 768 2491 numerum
791 2450 898 2490 eorum
920 2428 1080 2490 interfecit.
1116 2430 1207 2509 quod

183 2523 243 2586 nisi
256 2523 392 2586 locorum
406 2523 513 2585 notitia
527 2522 637 2604 reliqui
651 2545 685 2586 se
698 2523 848 2586 texissent
861 2524 1034 2606 partimque
1048 2523 1079 2584 in
1093 2545 1204 2599 naves,

183 2615 295 2698 quibus
313 2616 428 2679 flumen
447 2616 643 2691 transierant,
662 2616 864 2699 recepissent,
884 2617 1022 2679 funditus
1041 2616 1134 2678 deleti
1154 2639 1207 2679 cs-

183 2720 259 2773 sent.
288 2710 342 2792 qui
360 2721 393 2772 ut
411 2710 538 2793 paulum
556 2709 595 2772 ab
614 2709 666 2772 illo
685 2709 792 2772 timore
811 2732 844 2771 se
858 2721 1044 2784 recrearunt,
1064 2710 1207 2772 adiuncti

182 2803 230 2866 his
249 2804 302 2886 qui
320 2802 589 2886 subsequebantur
601 2826 708 2866 rursus
722 2825 901 2887 oppugnare
915 2804 1116 2867 Mithridaten
1131 2826 1208 2866 coc-

133 2917 165 2964 28
184 2908 304 2981 perunt.
345 2898 475 2961 mittitur
497 2921 515 2961 a
537 2897 717 2961 Mithridate
740 2898 865 2961 nuntius
890 2896 1031 2973 Caesari,
1059 2897 1111 2979 qui
1135 2920 1206 2960 rem

182 3003 303 3076 gestam
321 2991 478 3075 perferret.
508 2992 667 3075 cognoscit
685 3014 724 3053 ex
743 2991 807 3054 suis
827 2991 935 3054 eadem
953 2992 1030 3054 haec
1049 2990 1206 3054 accidisse

181 3108 246 3149 rex.
283 3086 325 3147 ita
343 3106 440 3169 paene
459 3085 517 3148 sub
535 3085 617 3148 idem
640 3096 761 3168 tempus
784 3096 814 3147 et
830 3107 885 3148 rex
904 3085 943 3147 ad
965 3085 1207 3168 opprimendum

182 3178 385 3241 Mithridaten
403 3178 606 3261 proficiscitur
623 3188 653 3240 et
673 3177 790 3242 Caesar
807 3179 848 3241 ad
864 3178 1084 3261 recipiendum.
1121 3177 1208 3240 cele-

181 3272 260 3335 riore
275 3270 409 3334 fluminis
419 3271 481 3334 Nili
494 3272 692 3355 navigatione
705 3294 759 3335 rex
774 3281 821 3334 est
832 3293 918 3346 usus,
934 3272 1041 3353 inquo
1055 3294 1208 3355 magnam

182 3373 213 3427 et
230 3373 369 3447 paratam
387 3363 519 3428 classem
537 3364 680 3429 habebat.
709 3364 826 3429 Caesar
843 3365 953 3428 eodem
967 3366 1074 3427 itinero
1089 3364 1132 3425 uti
1148 3387 1208 3426 no-

182 3457 248 3532 luit,
267 3479 306 3519 ne
324 3457 456 3521 navibus
473 3460 505 3521 in
520 3459 645 3522 {lumine
659 3460 828 3534 dimicaret,
848 3460 903 3521 sed
916 3459 1141 3521 circumvectus
1156 3470 1209 3520 est

183 3573 220 3614 eo
238 3550 325 3626 mari,
345 3552 429 3633 quod
442 3551 570 3616 Africae
589 3553 685 3636 partis
704 3575 774 3616 esse
792 3552 911 3627 dieitur,
931 3552 1022 3614 sicuti
1040 3573 1134 3634 supra
1149 3551 1209 3612 de-

183 3646 437 3721 monstravimus3
456 3647 541 3730 prius
561 3657 663 3710 tamen
681 3647 763 3731 regis
783 3647 879 3729 copiis
898 3646 1043 3720 occurrit,
1063 3667 1157 3725 quam
1177 3644 1208 3706 is

183 3738 386 3803 Mithridaten
404 3741 533 3826 aggredi
551 3753 671 3825 posset,
691 3762 823 3823 eumque
842 3741 881 3803 ad
900 3763 933 3803 se
951 3740 1099 3803 victorem
1118 3738 1210 3800 inco-

183 3833 260 3896 lumi
277 3835 413 3898 exereitu
431 3836 555 3919 recepit
584 3837 766 3899 consederat
784 3858 853 3898 cum
873 3835 969 3919 copiis
988 3857 1043 3897 rex
1060 3833 1129 3895 loco
1149 3855 1210 3895 na

183 3939 252 3990 tura
269 3929 396 4003 munito,
415 3931 499 4011 quod
517 3942 582 3992 erat
599 3930 666 4013 ipse
685 3929 835 3992 excelsior
852 3929 983 4012 planicie
1002 3950 1039 3990 ex
1059 3925 1208 3990 omuibus

184 4021 323 4103 partibus
341 4021 495 4099 subiecta3
515 4022 612 4087 tribus
631 4033 734 4086 autem
753 4045 791 4085 ex
811 4021 957 4085 lateribus
971 4021 1063 4084 variis
1082 4020 1210 4104 generi-

184 4113 243 4178 bus
261 4116 466 4179 munitionum
485 4116 659 4201 tegebatur:
679 4139 776 4179 unum
793 4115 873 4178 latus
892 4129 957 4178 erat
974 4115 1128 4177 adiectum
1146 4112 1211 4174 flu-

184 4207 259 4270 mini
268 4208 348 4284 Nile,
362 4210 494 4274 alterum
503 4210 674 4274 editissimo
684 4210 751 4273 loco
761 4210 897 4284 ductum,
912 4218 947 4271 ut
959 4222 1077 4292 partem
1087 4216 1210 4268 castro-

134 4321 165 4367 2o
184 4322 253 4364 rum
270 4300 435 4378 obtineret,
459 4304 583 4367 tertium
600 4303 714 4386 palude
732 4301 921 4386 cingebatur.
958 4302 1037 4364 inter
1054 4309 1156 4361 eastra
1174 4312 1210 4362 et

185 4392 329 4457 Caesaris
344 4396 402 4458 iter
415 4396 529 4460 flumen
543 4396 753 4460 intercedebat
766 4408 932 4480 angustum
946 4394 1103 4458 altissimis
1117 4392 1209 4476 ripis,

183 4487 267 4569 quod
280 4487 347 4550 inN
351 4488 425 4552 ilum
439 4490 596 4567 influebat,
611 4491 718 4555 aberat
731 4509 835 4554 autem
849 4489 889 4553 ab
902 4490 984 4574 regis
995 4486 1104 4550 castris
1119 4487 1211 4552 milia

183 4603 332 4664 passuum
342 4582 463 4647 circiter
472 4583 546 4647 Vll.
569 4607 624 4648 rex
638 4606 709 4648 cum
724 4583 784 4648 hoc
796 4584 905 4648 itinere
919 4583 1023 4646 venire
1034 4579 1209 4647 Caesarem
