2738 5272
188 712 251 779 364
537 720 853 779 enumerandam

186 847 314 913 consule
333 869 405 911 cum
421 846 475 909 111
496 846 537 910 ad
554 845 717 930 Thapsum
739 843 914 931 legionibus
937 854 968 907 et
986 841 1048 908 Cn.
1068 842 1224 910 Domitio

186 964 258 1005 cum
275 940 398 1005 duabus
417 939 584 1015 Thisdrae,
611 938 666 1004 ubi
684 937 853 1003 Considius
875 947 1029 1021 praeerat,
1061 938 1105 1003 ad
1129 937 1222 1004 obsi-

186 1036 323 1100 dendum
344 1034 457 1098 relictis
476 1031 522 1096 M.
541 1031 682 1097 Messala
699 1031 824 1097 Uticam
846 1041 918 1096 ante
939 1033 1118 1118 praemisso
1141 1055 1219 1099 cum

186 1129 325 1213 equitatu
341 1128 409 1212 ipse
428 1127 536 1191 eodem
554 1126 612 1190 iter
629 1125 732 1191 facere
749 1126 915 1191 contendit.

135 1241 167 1289 tr
249 1221 382 1306 Equites
407 1221 529 1284 interim
558 1218 728 1304 Scipionis,
762 1220 816 1304 qui
841 1243 881 1284 cx
906 1220 1023 1304 proelio
1050 1219 1217 1308 fugerant,

186 1338 258 1380 cum
276 1315 402 1381 Uticam
420 1337 529 1379 versus
547 1314 604 1378 iter
622 1315 772 1391 facerent,
795 1314 978 1399 perveniunt
995 1315 1036 1379 ad
1054 1316 1217 1401 oppidum

185 1409 350 1473 Paradam.
377 1407 432 1471 nbi
449 1430 521 1471 cum
538 1407 578 1471 ab
596 1407 705 1471 incolis
723 1431 786 1471 non
798 1408 1017 1492 reciperentur,
1035 1408 1112 1475 ideo
1126 1411 1217 1494 quod

186 1504 272 1567 fama
288 1502 328 1566 de
346 1501 473 1566 victoria
488 1501 632 1565 Caesaris
650 1501 920 1585 praecucurrisset,
938 1503 969 1565 a·
987 1502 1108 1586 oppido
1120 1504 1217 1588 potiti

186 1598 218 1661 in
236 1597 339 1662 medio
357 1597 424 1661 foro
441 1595 534 1682 lignis
552 1596 740 1660 coacervatis
759 1596 964 1679 omnibusque
985 1595 1083 1661 rebus
1102 1620 1219 1663 eorum

187 1691 344 1777 congestis
362 1691 467 1776 ignem
485 1689 641 1754 subiciunt
659 1699 751 1773 atque
770 1691 836 1754 eius
850 1689 956 1774 oppidi
969 1690 1091 1755 incolas
1106 1693 1220 1757 cuius·

187 1807 248 1868 que
269 1786 392 1870 generis
415 1785 586 1867 aetatisque
608 1785 696 1848 vivos
723 1785 967 1867 constrictosque
993 1784 1025 1847 in
1047 1785 1219 1851 flammam

188 1879 343 1942 coniciunt
360 1887 452 1960 atque
470 1877 513 1940 ita
530 1876 731 1942 acerbissimo
749 1877 889 1942 afficiunt
907 1877 1078 1962 supplicio;
1097 1879 1219 1946 deinde

187 1971 326 2057 protinus
346 1970 471 2034 Uticam
490 1972 681 2055 perveniunt.
718 1972 876 2056 superiore
893 1983 1032 2056 tempore
1049 1971 1102 2037 Μ.
1120 1972 1219 2052 Cato,

186 2065 271 2147 quod
287 2065 320 2128 in
334 2063 537 2128 Uticensibus
555 2075 679 2149 propter
692 2064 876 2128 beneficium
889 2064 968 2150 legis
981 2065 1085 2130 Iuliae
1100 2089 1220 2152 parurn

187 2158 251 2223 suis
265 2157 404 2243 partibus
417 2157 563 2242 praesidii
577 2180 646 2222 esse
661 2159 898 2234 existimaverat,
917 2158 1040 2244 plebem
1054 2159 1219 2226 inermem

186 2252 301 2336 oppido
323 2251 454 2315 eiecerat
477 2264 507 2315 ct
528 2261 599 2316 ante
620 2265 741 2337 portam
763 2252 906 2317 bellicam
928 2253 1037 2317 castris
1055 2253 1220 2338 fossaque

186 2345 316 2429 parvula
341 2347 492 2409 duntaxat
517 2346 670 2410 munierat
694 2346 799 2430 ibique
831 2346 980 2410 custodiis
1007 2347 1219 2415 circumdatis

186 2438 324 2502 babitare
342 2443 498 2525 coegerat3
518 2452 658 2504 senatum
678 2459 780 2504 autem
796 2441 901 2525 oppidi
915 2440 1055 2504 custodia
1072 2443 1218 2508 tenebat

186 2555 293 2596 eorum
311 2543 412 2596 castra
429 2533 461 2595 bi
479 2535 598 2615 equites
616 2535 715 2598 adorti
734 2557 912 2619 expugnare
930 2547 1118 2619 coeperunt,
1143 2538 1220 2603 ideo

186 2626 270 2710 quod
287 2648 340 2690 eos
360 2626 504 2690 Caesaris
522 2627 662 2711 partibus
680 2628 796 2692 favisse
815 2628 967 2705 sciebant,
990 2640 1024 2691 ut
1046 2630 1096 2694 eis
1117 2631 1219 2696 inter-

185 2719 275 2784 fectis
298 2742 404 2784 eorum
427 2721 561 2804 pernicie
583 2721 721 2785 dolorem
745 2744 835 2784 suum
858 2721 1091 2787 ulciscerentur.
1144 2724 1219 2790 Uti-

186 2837 293 2877 censes
312 2815 415 2878 animo
434 2815 539 2878 addito
557 2837 596 2878 ex
616 2814 760 2878 Caesaris
783 2816 912 2879 victoria
934 2815 1093 2900 lapidibus
1119 2818 1218 2884 fusti-

185 2906 305 2989 busque
324 2908 442 2990 equites
461 2908 647 2990 repulerunt.
679 2908 782 2991 itaque
799 2918 1002 2992 posteaquam
1021 2921 1131 2975 castra
1149 2937 1217 2977 non

184 3012 347 3083 potuerant
364 3001 464 3084 potiri,
484 3001 610 3064 Uticam
629 3023 662 3063 se
680 3003 712 3064 in
730 3003 878 3085 oppidum
897 3003 1096 3066 coniecerunt
1117 3018 1218 3089 atque

185 3093 227 3157 ibi
250 3093 364 3157 multos
387 3093 553 3157 Uticenses
575 3095 795 3159 interfecerunt
821 3096 992 3179 domosque
1019 3119 1135 3162 eorum
1159 3123 1218 3164 ex·

185 3197 400 3271 pugnaverunt
418 3209 454 3251 ac
472 3188 672 3272 diripuerunt.
699 3189 812 3274 quibus
831 3212 902 3253 cum
918 3189 998 3254 Cato
1015 3194 1217 3274 persuadere

184 3279 270 3344 nulla
294 3281 412 3344 ratione
438 3281 551 3363 quiret,
580 3294 613 3344 ut
640 3304 747 3346 secum
774 3284 921 3368 oppidum
945 3284 1157 3352 defenderent
1184 3300 1218 3353 et

185 3373 279 3437 caede
301 3374 479 3458 rapinisque
502 3375 698 3452 desisterent,
726 3378 853 3460 etquid
880 3377 939 3442 sibi
964 3378 1080 3442 vellent
1106 3383 1217 3459 sciret,

186 3468 341 3531 sedandae
364 3491 470 3532 eorum
492 3469 732 3553 importunitatis
754 3472 854 3556 gratia
881 3472 1012 3557 singulis
1036 3471 1065 3536 O
1090 3474 1215 3541 divisit

183 3561 266 3624 idem
290 3560 379 3626 Sulla
399 3563 536 3626 Faustus
558 3564 632 3627 fecit
654 3587 690 3628 ac
712 3566 751 3628 dc
774 3588 831 3629 sua
852 3567 983 3650 pecunia
1004 3566 1142 3652 largitus
1165 3583 1217 3636 est

184 3676 307 3738 unaque
326 3678 397 3720 cum
414 3656 452 3720 iis
471 3656 510 3721 ab
525 3656 619 3720 Utica
636 3658 840 3742 proficiscitur
853 3669 945 3741 atquc
964 3661 995 3723 in
1012 3683 1154 3746 regnum
1168 3666 1216 3730 irc

133 3748 322 3816 etintendit.
367 3750 542 3834 complures
565 3751 686 3813 interim
710 3773 748 3814 ex
766 3752 843 3837 fuga
861 3752 986 3816 Uticam
1008 3758 1215 3837 perveniunt.

183 3865 261 3924 quos
285 3866 392 3908 omnes
412 3844 492 3908 Cato
515 3859 701 3910 convocatos
726 3869 787 3910 una
809 3869 879 3910 cum
900 3847 1003 3923 CCC,
1031 3849 1087 3930 qui
1113 3874 1216 3936 pecu-

183 3937 266 4000 niam
286 3935 426 4021 Scipioni
444 3938 484 4001 ad
502 3938 617 4002 bellum
636 3939 813 4002 faciendum
832 3941 1033 4016 contulerant,
1053 3942 1214 4023 hortatur,

183 4041 217 4092 ut
235 4032 360 4095 servitia
377 4032 626 4096 manumitterent
645 4034 854 4117 oppidumque
873 4035 1086 4099 defenderent.
1133 4063 1216 4123 quo-

184 4146 252 4187 rum
275 4146 346 4187 cum
369 4136 487 4209 partem
510 4126 674 4202 assentire,
703 4141 822 4211 partem
845 4129 982 4192 animum
1005 4142 1215 4218 mentemque

184 4220 377 4302 perterritam
391 4230 483 4303 atque
497 4221 529 4284 in
543 4221 651 4306 fugam
665 4223 850 4287 destinatam
860 4224 974 4289 habere
988 4226 1213 4309 intellexisset,

185 4310 318 4395 amplius
336 4313 376 4376 dc
394 4336 431 4377 ea
447 4337 480 4378 re
498 4336 591 4398 agere
613 4316 730 4380 destitit
752 4340 910 4400 navesque
929 4319 966 4383 iis
989 4320 1150 4400 attribuit,
1180 4338 1215 4390 ut

184 4404 217 4466 in
234 4426 312 4486 quas
330 4406 461 4490 quisque
474 4427 576 4492 partes
591 4409 682 4473 vellet
695 4410 949 4494 proficisceretur.
976 4413 1043 4496 ipse
1058 4418 1214 4485 omnibus

184 4497 278 4563 rebus
295 4499 530 4586 diligentissime
548 4504 722 4569 constitutis
739 4504 844 4571 liberis
863 4507 927 4570 suis
945 4508 1047 4571 Lucio
1063 4508 1212 4591 Caesari,
