2692 5206
446 838 564 895 coust
581 840 604 895 Ι.
622 841 743 897 36-39.
1063 832 1103 896 19

73 972 201 1039 essent,
225 962 304 1027 tines
321 983 430 1027 eorum
447 964 683 1048 popularentur:
712 988 781 1031 sese
798 986 838 1029 nc
856 964 1018 1031 obsidibus
1035 967 1104 1051 qui·

74 1057 153 1121 dem
179 1056 263 1120 datis
294 1077 403 1141 pacem
429 1057 582 1123 Ariovisti
607 1061 759 1125 redimere
788 1060 947 1146 potuisse;
974 1059 1103 1125 Treveri

75 1162 200 1226 autem,
222 1171 322 1235 pagos
345 1160 471 1215 centum
494 1150 672 1220 Sueborum
694 1155 735 1220 ad
760 1155 844 1241 ripas
867 1156 969 1221 Rheni
996 1177 1105 1221 conse·

76 1244 180 1321 disse,
203 1243 257 1327 qui
278 1242 424 1308 Rhenum
444 1248 572 1311 transire
589 1261 786 1326 conarentur3
813 1249 861 1313 his
879 1271 1024 1334 praeesse
1041 1249 1104 1314 Na-

78 1360 172 1403 suam
195 1349 227 1400 et
244 1335 439 1402 Cimberium
460 1338 581 1405 fratres.
621 1343 735 1426 quibus
758 1342 852 1407 rebus
871 1342 990 1408 Caesar
1010 1344 1104 1408 vehe-

77 1440 203 1497 menter
227 1440 400 1495 commotus
428 1435 648 1499 maturandum
675 1436 735 1501 sibi
762 1437 963 1513 existimavit,
995 1460 1048 1514 ne,
1076 1438 1102 1501 si

79 1548 165 1591 nova
189 1547 302 1591 manus
332 1522 510 1591 Sueborum
537 1551 608 1593 cum
639 1531 796 1595 veteribus
828 1531 925 1615 copiis
951 1530 1103 1596 Ariovisti

79 1642 152 1686 sese
173 1619 402 1697 coniunxisset,
429 1621 533 1685 minus
556 1622 647 1688 facile
663 1625 767 1689 resisti
788 1634 904 1709 posset.
948 1625 1052 1708 itaque
1069 1646 1121 1690 re.

79 1713 287 1780 frumentaria
321 1735 417 1796 quum
448 1714 606 1781 celerrime
641 1718 741 1802 potuit
772 1727 951 1802 comparata
981 1719 1102 1804 magnis

78 1806 242 1875 itineribus
261 1810 302 1873 ad
319 1810 514 1875 Ariouistum
532 1813 698 1877 contendit.
731 1835 803 1877 cum
821 1813 914 1877 tridui
932 1813 1015 1877 viam
1032 1834 1104 1896 pro-
1122 1831 1155 1881 ss

79 1904 242 1981 cessisset,
260 1905 436 1969 nuntiatum
454 1916 503 1969 est
520 1928 549 1970 er
540 1905 765 1972 'Ariovistum
783 1930 855 1972 cum
874 1908 939 1972 suis
958 1907 1103 1972 omuibus

79 1998 179 2083 copiis
202 1998 244 2063 ad
265 1999 481 2084 occupandum
503 1999 741 2078 Vesontionem,
773 2001 858 2085 quod
880 2012 928 2065 est
955 2001 1104 2110 oppidum

79 2092 254 2157 maximum
284 2090 516 2177 Sequanorum,
553 2096 739 2160 contendero
780 2096 934 2178 triduique
969 2096 1053 2159 viam
1085 2118 1104 2159 a

79 2186 147 2251 suis
163 2186 279 2252 finibus
296 2187 476 2272 profecisse.
521 2188 554 2252 id
575 2211 614 2253 ne
633 2190 800 2266 accideret,
824 2212 1014 2275 magnopere
1039 2188 1103 2253 sibi

78 2280 330 2365 praecavendum
349 2278 469 2346 Cacsar
485 2281 692 2347 existimabat.
736 2304 871 2366 namque
894 2282 1032 2347 omnium
1054 2304 1103 2347 rc-

78 2396 159 2452 rum,
178 2397 260 2459 quae
276 2375 318 2440 ad
334 2374 452 2440 bellum
470 2376 542 2440 usui
559 2387 655 2454 erant,
675 2400 798 2441 summa
815 2386 880 2440 erut
892 2377 925 2440 in
938 2398 975 2441 eo
988 2376 1104 2461 oppido

78 2468 224 2547 facultas,
242 2469 336 2553 idque
353 2480 464 2534 natura
480 2470 542 2534 loci
560 2471 605 2535 sic
623 2469 827 2547 muniebatur,
846 2479 881 2534 ut
898 2493 1046 2555 magnam
1064 2468 1104 2534 ad

78 2563 257 2629 ducendum
271 2563 387 2629 bellum
401 2564 489 2629 daret
502 2564 693 2642 facultatem,
711 2575 875 2650 propterea
891 2564 976 2647 quod
988 2563 1105 2627 flumen

77 2656 186 2723 Dubis
212 2669 248 2722 ut
273 2658 387 2723 circino
418 2658 666 2723 circumductum
695 2680 794 2743 paene
826 2668 924 2722 totum
955 2658 1105 2741 oppidum

78 2752 192 2837 cingit3
218 2751 373 2836 reliquum
395 2754 544 2838 spatium,
572 2754 658 2837 quod
680 2762 726 2817 cst
749 2774 812 2817 non
834 2750 967 2836 amplius
988 2750 1104 2835 pedum

77 2844 159 2922 Dc,
182 2867 245 2929 qua
261 2845 380 2910 flumen
396 2846 586 2924 intermittit,
605 2869 696 2911 mons
715 2845 851 2910 eontinet
868 2866 984 2928 magna
1001 2842 1105 2905 altitu·

78 2939 163 3014 dine,
181 2939 226 3003 ita
242 2948 278 3003 ut
294 2939 415 3004 radices
433 2941 547 3004 montis
566 2963 606 3004 cx
623 2950 755 3023 utraque
769 2947 856 3024 parte
869 2937 955 3021 ripae
968 2935 1104 2999 fluminis

78 3032 272 3118 contingant
300 3032 383 3097 hunc
397 3056 505 3098 murus
524 3034 734 3098 circumdatus
754 3053 857 3096 arcem
875 3028 972 3094 efficit
989 3039 1104 3092 etcum

79 3125 199 3211 oppido
215 3126 385 3212 coniungit.
429 3126 493 3191 huc
511 3125 631 3191 Caesar
648 3126 771 3212 magnis
794 3123 952 3189 nocturnis
971 3121 1105 3186 ‹liumis-

78 3242 142 3303 que
167 3219 331 3286 itineribus
357 3222 515 3286 contendit
537 3231 751 3307 0ccupat0que
777 3219 892 3305 oppido
917 3217 963 3282 ibi
988 3214 1105 3302 praesi-

78 3314 168 3377 dium
185 3311 327 3378 collocat.

143 3405 235 3472 Dum
259 3430 377 3493 paucos
403 3408 471 3473 dies
498 3409 539 3473 ad
561 3408 786 3473 Vesontionem
812 3408 856 3471 rci
884 3404 1104 3471 frumentariae
1123 3423 1155 3472 su

78 3510 336 3584 commeatusque
354 3523 449 3566 causa
462 3511 609 3578 moratur,
628 3524 667 3566 ex
681 3500 912 3587 percontatione
926 3511 1103 3564 nostrorum

79 3594 274 3678 vocibusque
293 3592 456 3660 Gallorum
475 3616 512 3660 ac
530 3607 748 3671 mercatorum,
777 3595 829 3678 qui
847 3594 966 3681 ingenti
983 3593 1104 3678 magni-

23 3676 31 3693 ’
79 3690 190 3753 tudine
206 3710 371 3775 corporum
385 3688 570 3767 Germanos,
589 3690 762 3755 incredibili
780 3690 893 3752 virtute
911 3698 1004 3770 atquc
1018 3708 1106 3750 exer-

79 3783 228 3848 citatione
251 3784 283 3847 in
304 3784 399 3850 armis
427 3807 497 3849 esse
523 3785 743 3870 praedicabunt
769 3783 1008 3868 (saepenumero
1036 3802 1105 3843 sese

79 3900 154 3942 cum
170 3878 222 3943 his
241 3900 426 3964 congressos
440 3901 479 3943 ne
493 3879 615 3943 vultum
630 3879 757 3962 quidem
770 3888 863 3961 atquc
882 3876 980 3940 aciem
999 3873 1105 3938 oculo-

80 3994 151 4037 rum
168 3971 315 4038 dicebant
333 3973 414 4037 ferre
431 3974 601 4058 potuisse),
625 3984 730 4037 tantus
750 3971 853 4036 subito
872 3971 964 4034 timor
982 3988 1104 4032 omnem

80 4067 253 4131 exercitum
271 4067 448 4153 occupavit,
476 4081 591 4132 utnon
608 4068 804 4132 mediocriter
829 4066 967 4130 omnium
984 4073 1104 4127 mentes

80 4160 266 4245 animosque
284 4160 487 4246 perturbaret.
531 4162 583 4226 hic
600 4162 736 4247 primum
758 4172 843 4225 ortus
867 4169 915 4223 est
937 4157 1104 4223 atribunis

80 4252 231 4332 militum,
266 4255 433 4341 praefectis
459 4255 665 4339 reliquisque,
701 4255 754 4339 qui
786 4277 825 4317 cx
851 4252 926 4317 urbe
953 4252 1105 4317 amicitiae

80 4370 178 4413 causa
197 4347 369 4414 Caesarem
392 4349 490 4414 secuti
511 4372 574 4413 non
596 4371 745 4434 magnum
764 4348 795 4410 in
816 4369 849 4411 rc
872 4346 996 4410 militari
1014 4368 1106 4410 usum

80 4440 256 4507 habebant:
283 4466 417 4527 quorum
439 4443 519 4509 alius
538 4443 599 4507 alia
617 4466 712 4507 causa
738 4442 839 4518 illata,
867 4463 962 4524 quam
985 4439 1045 4504 sibi
1066 4438 1106 4503 ad

79 4536 343 4621 proficiscendum
360 4538 568 4603 necessariam
586 4559 656 4602 esse
674 4537 803 4613 diceret,
825 4533 964 4621 petebat,
987 4543 1022 4599 ut
1039 4533 1105 4596 cius

80 4630 243 4697 voluntate
264 4631 425 4698 discedere
445 4631 566 4710 liceret3
594 4630 733 4697 nonnulli
760 4631 878 4715 pudore
905 4628 1044 4703 adducti,
1072 4637 1105 4689 ut

900 4730 935 4782 2·
