2692 5206
471 786 599 843 CAPUT
616 787 736 841 83-86.
1050 773 1114 840 363

126 926 171 976 toto
187 935 291 998 campo
313 909 507 997 fugientibus
531 910 695 974 confestim
715 907 860 973 Caesaris
882 909 1021 995 legiones
1041 932 1114 975 con-

125 1007 188 1088 sequi
206 1006 402 1090 spatiumque
425 1027 460 1068 se
482 1026 544 1066 non
562 1004 636 1067 dare
659 1003 834 1087 colligendi.
878 1005 932 1085 qui
951 1014 1114 1089 postquam

125 1098 190 1162 adea
201 1114 308 1175 castra,
329 1119 409 1181 qnae
423 1097 579 1182 petebant,
598 1097 810 1182 persugcrunt,
829 1097 1114 1163 utresectiscastris

124 1212 203 1257 ursus
223 1216 292 1257 sese
315 1192 532 1266 defenderent,
560 1192 733 1273 ducemque
756 1190 889 1273 aliquem
914 1192 1114 1274 requirerent,

125 1305 192 1366 quern
206 1287 409 1372 respicerent,
428 1285 517 1348 cuius
536 1285 718 1349 auctoritate
736 1284 927 1368 imperioque
943 1307 1009 1349 rem
1026 1307 1115 1371 gere·

124 1391 183 1456 rent,
200 1395 363 1466 postquam
386 1380 670 1443 animadverterunt
687 1379 841 1442 neminem
863 1378 907 1442 ibi
924 1401 993 1443 esse
1013 1377 1116 1465 [prae-

125 1470 207 1558 sidio],
223 1474 364 1559 protinus
382 1472 477 1536 armis
495 1471 625 1536 abiectis
643 1472 675 1535 in
692 1472 779 1557 regia
796 1487 898 1536 castra
916 1472 1024 1557 fugere
1042 1494 1117 1536 eon·

125 1566 231 1631 tendunt.
259 1590 322 1650 quo
336 1577 503 1651 postquam
517 1576 734 1650 pervenerunt,
749 1587 786 1628 ea
799 1587 923 1648 quoque
936 1564 976 1629 ab
985 1565 1115 1630 Iulianis

123 1662 195 1724 teneri
210 1663 324 1725 rident.
350 1661 515 1744 desperata
533 1660 632 1723 salute
650 1660 682 1722 in
699 1659 834 1742 quodam
851 1659 929 1723 colle
943 1660 1116 1723 consistunt

124 1760 193 1833 utque
212 1755 304 1819 armis
328 1754 474 1817 demissis
497 1753 712 1817 salutationem
735 1774 820 1816 more
842 1751 965 1815 militari
986 1752 1114 1816 faciunt.

123 1844 209 1922 quibus
225 1849 348 1912 miseris
367 1870 405 1911 ea
417 1869 467 1911 res
481 1869 577 1931 parvo
591 1847 746 1931 praesidio
759 1845 827 1909 fuit.
854 1867 987 1928 namque
1002 1845 1115 1910 milites

122 1943 230 2005 amani
249 1943 295 2006 ira
308 1953 339 2006 et
352 1942 459 2005 dolore
474 1942 591 2004 incensi
606 1964 667 2003 non
681 1941 782 2017 modo,
800 1952 834 2003 ut
848 1953 1010 2024 parcerent
1022 1939 1113 2015 hosti,

122 2048 167 2094 uon
180 2045 315 2119 poterant
337 2035 465 2111 adduci,
493 2035 663 2099 sedetiam
686 2057 725 2097 ex
744 2057 802 2098 suo
824 2033 961 2098 exercitu
978 2034 1114 2098 illustres

122 2122 239 2206 urbanos,
258 2151 338 2212 quos
357 2142 499 2193 auctores
518 2128 725 2213 appellabant,
745 2128 918 2212 complures
937 2141 991 2192 aut
1007 2127 1116 2191 vulne·

119 2232 202 2284 munt
217 2237 271 2286 aut
283 2223 519 2299 interfecerunt3
537 2223 568 2285 in
582 2244 645 2304 quo
659 2244 788 2285 numero
802 2223 859 2285 fuit
874 2221 997 2285 Tullius
1010 2219 1114 2285 Rufus

119 2318 303 2409 ftuaestorius,
332 2318 385 2401 qui
407 2316 471 2402 pilo
493 2317 638 2380 traiectus
661 2316 801 2380 consulto
828 2340 847 2379 a
869 2316 964 2379 milite
987 2315 1114 2379 interiit:

118 2412 176 2471 stem
187 2410 354 2496 Pompeius
368 2411 473 2475 Rufus
491 2410 653 2475 brachium
671 2410 776 2495 gladio
793 2433 969 2495 percussus,
989 2410 1049 2475 nisi
1066 2431 1116 2473 ce-

116 2488 200 2568 lexiter
214 2508 254 2570 ad
273 2506 442 2570 Caesarem
461 2505 700 2579 accucurrisset,
719 2504 899 2568 interfectus
917 2514 1009 2568 esset.
1054 2526 1116 2587 quo

114 2582 183 2661 lucto
197 2600 370 2684 complures
389 2599 509 2682 equites
522 2598 656 2662 Romani
671 2608 889 2680 senatoresque
907 2597 1058 2681 perterriti
1077 2619 1116 2660 ex

112 2692 213 2787 lfruelio
231 2716 265 2757 se
283 2705 476 2778 receperunt,
494 2716 534 2757 nc
552 2717 571 2756 a
588 2692 747 2768 militibus,
766 2693 819 2775 qui
837 2714 877 2755 ex
891 2701 975 2755 tanta
988 2691 1117 2754 victoria

109 2767 249 2852 1¹tentiam
268 2787 328 2852 sibi
346 2789 588 2872 assumpsissent
605 2787 806 2851 immoderate
819 2785 969 2870 peccandi
982 2784 1115 2868 impuni-

110 2874 171 2943 lfftis
186 2892 311 2966 propter
328 2882 480 2945 maximas
499 2903 548 2944 res
571 2894 677 2966 gestas
701 2903 771 2964 spe,
799 2879 858 2964 ipsi
881 2900 1004 2961 quoque
1022 2879 1115 2941 inter-

106 2958 267 3039 fiamntur.
296 2976 417 3058 itaque
434 2974 457 3038 ii
474 2998 583 3039 omnes
603 2973 758 3058 Scipionis
782 2973 909 3048 milites,
932 2994 1004 3036 cum
1022 2971 1115 3035 fidem

107 3055 242 3134 (laeseris
261 3070 474 3154 implorarent,
498 3069 688 3153 inspectante
707 3070 775 3154 ipso
795 3067 930 3132 Caesare
953 3078 983 3130 ct
1001 3089 1020 3130 a
1037 3066 1117 3129 mili-

106 3157 400 3248 disceptante,
428 3164 466 3227 iis
491 3163 535 3226 uti
558 3174 732 3248 parcerent,
759 3163 799 3227 ad
816 3184 911 3225 unum
934 3171 1007 3225 sunt
1023 3161 1117 3224 inter·

105 3252 180 3322 teeti.
224 3257 344 3323 Caesar
361 3258 448 3322 trinis
467 3258 576 3322 castris
600 3257 716 3342 potitus
735 3257 907 3340 occisisque
929 3256 1067 3320 hostium
1084 3255 1114 3318 L
1134 3272 1166 3320 st

105 3350 221 3416 milibus
246 3351 427 3436 fugatisque
458 3351 670 3436 compluribus
702 3374 735 3415 sc
767 3352 882 3435 recepit
908 3350 938 3413 L
966 3350 1115 3413 militibus

105 3445 234 3522 amissis,
258 3446 366 3529 paucis
385 3445 498 3509 sauciis
517 3445 549 3508 in
567 3458 668 3509 eastra
686 3467 723 3508 ac
741 3446 843 3508 statim
862 3467 901 3507 ex
919 3445 1027 3508 itinere
1044 3452 1115 3507 ante

105 3540 245 3625 rppidum
272 3538 435 3624 Thapsum
461 3539 598 3602 constitit
629 3538 870 3623 elephantosque
896 3536 965 3600 LX
991 3546 1115 3601 ornatos

105 3646 291 3716 amatusque
320 3629 410 3716 [curn
436 3631 571 3695 turribus
598 3631 848 3712 ornamentisque
875 3627 975 3714 capit]
1008 3641 1115 3714 captos

105 3738 166 3791 rate
185 3726 334 3811 oppidum
353 3726 519 3789 instructos
534 3726 701 3800 constituit,
720 3726 752 3788 id
765 3725 824 3787 hoe
842 3724 981 3799 consilio,
1001 3724 1028 3787 si
1045 3745 1117 3807 pos-

105 3831 144 3886 tet
156 3819 316 3904 Vergilius
334 3820 449 3902 (pirique
467 3841 538 3882 eum
557 3842 594 3882 eo
613 3818 835 3882 obsidebantur
852 3817 897 3880 rei
915 3816 995 3880 male
1009 3826 1117 3899 gestae

105 3936 225 3979 tuorum
247 3913 361 3976 indicio
383 3937 402 3976 a
423 3913 592 3997 pertinacia
612 3912 734 3975 deduci.
778 3911 888 3974 deinde
914 3910 982 3994 ipse
1005 3909 1117 3995 Vergi-

105 4009 172 4072 ium
190 4006 358 4090 appellavit
380 4007 583 4089 invitavitque
601 4007 641 4069 ad
660 4006 847 4069 deditionem
871 4026 1021 4086 suamque
1040 4002 1117 4067 leni-

105 4111 192 4165 atem
222 4112 254 4164 et
284 4100 479 4164 clementiam
510 4100 771 4163 commemoravit.
823 4120 917 4181 quem
951 4106 1116 4182 postquam

105 4194 314 4259 animadvertit
332 4216 516 4277 responsum
531 4193 590 4257 sibi
604 4216 666 4256 non
680 4195 762 4269 dare,
782 4192 821 4256 ab
835 4191 949 4277 oppido
963 4190 1116 4255 discessit.

104 4303 221 4372 postero
238 4289 288 4351 die
306 4288 412 4351 divina
428 4310 461 4351 re
479 4289 562 4351 l'acta
579 4288 720 4351 contione
738 4288 888 4350 advocata
902 4286 934 4349 in
948 4295 1115 4369 conspeetu

104 4382 323 4467 oppidanorum
346 4381 459 4445 milites
483 4381 637 4445 collaudat
659 4392 819 4462 totumque
842 4379 1010 4444 exereitum
1032 4393 1116 4443 vete-

104 4496 205 4540 ranum
223 4476 359 4550 donavit,
379 4477 516 4558 praemia
533 4476 702 4538 fortissimo
715 4476 826 4556 cuique
841 4498 877 4538 ac
891 4474 969 4538 bene
987 4474 1115 4538 merenti

105 4588 153 4652 pro
170 4584 323 4657 suggestu
341 4570 448 4635 tribuit
465 4594 502 4636 ac
521 4571 625 4635 statim
643 4571 714 4634 inde
733 4570 893 4655 digressus
912 4570 1023 4634 Rebilo
1045 4592 1116 4654 pro-
