2738 5272
483 814 735 872 FRAGMENTA.
1056 801 1118 866 401

96 935 270 991 lenissimum
279 952 322 991 me
332 936 498 1006 praeberem
508 942 537 990 et
545 934 710 1005 Pompeium
720 935 816 991 darem
826 950 941 1007 operam
953 939 986 988 ιιι
994 932 1119 988 reconci-

95 1012 201 1067 liarem.
238 1019 406 1081 temptemus
420 1012 475 1065 hoc
490 1012 588 1079 modo,
608 1013 630 1066 si
641 1029 805 1082 possumus,
825 1011 1119 1065 omniamaoluutates

95 1105 265 1158 recuperare
285 1094 312 1143 et
333 1089 467 1143 diuturna
481 1088 599 1142 victoria
613 1089 667 1156 uti,
687 1089 819 1159 quoniam
835 1087 938 1157 reliqui
952 1086 1119 1140 erudelitate

96 1165 190 1218 odium
213 1163 337 1234 effugere
358 1181 416 1218 nou
439 1171 593 1234 potueruut
614 1182 707 1235 neque
730 1165 876 1218 victoriam
899 1164 1004 1217 diutius
1022 1169 1119 1216 tenere

94 1248 208 1311 praeter
225 1259 310 1294 uuum
324 1240 358 1293 L.
373 1240 492 1308 Sullam,
511 1258 595 1310 quem
609 1241 769 1295 imitaturus
782 1258 840 1294 nou
855 1257 924 1293 sum.
961 1240 1032 1293 baec
1045 1256 1120 1292 nova

96 1318 133 1372 sit
150 1319 223 1371 ratio
242 1317 386 1385 vincendi,
405 1325 437 1370 ut
451 1317 644 1371 misericordia
657 1324 687 1370 et
700 1316 871 1372 liberalitate
886 1333 939 1371 nos
953 1315 1119 1370 muniamus.

94 1394 124 1448 id
139 1394 372 1464 quemadmodum
386 1392 448 1448 fieti
461 1393 567 1463 possit,
586 1395 725 1448 nonnulla
738 1394 805 1448 mihi
819 1395 848 1447 in
862 1400 983 1448 mentem
993 1392 1119 1459 veniunt,

96 1476 125 1524 et
134 1471 223 1524 multa
231 1470 347 1540 reperiri
357 1477 486 1539 possunt.
523 1470 558 1523 de
572 1469 616 1523 his
631 1470 716 1524 rebus
729 1487 862 1541 rogovos
876 1476 909 1525 ut
918 1468 1119 1539 cogitationem

96 1546 265 1614 suscipiatis.
285 1546 319 1601 N.
330 1547 464 1616 Magium,
475 1546 603 1615 Pompeii
613 1545 797 1615 praesectum,
808 1547 990 1617 deprehendi.
1010 1545 1120 1598 seilicet

96 1638 158 1676 meo
168 1622 298 1676 instituto
309 1640 377 1676 usus
388 1640 448 1676 sum
459 1630 488 1677 et
497 1639 560 1677 eum
570 1622 664 1676 statim
675 1623 789 1677 missum
799 1623 864 1678 feci.
899 1623 954 1677 iam
971 1623 1027 1676 duo
1038 1637 1119 1690 prae·

95 1698 164 1752 fecti
174 1698 285 1752 fabrum
295 1699 422 1768 Pompeii
432 1699 461 1753 in
475 1715 565 1752 meam
580 1704 751 1768 potestatem
765 1707 902 1754 venerunt
914 1705 943 1753 et
957 1715 974 1752 a
988 1714 1032 1751 me
1042 1696 1119 1750 missi

96 1781 168 1827 sunt.
206 1774 505 1844 sivolentgratiesse‚
526 1776 673 1830 debebunt
682 1776 848 1844 Pompeium
858 1775 980 1843 hortari,
998 1779 1031 1827 ut
1040 1772 1120 1826 malit

95 1851 162 1905 mibi
173 1867 236 1905 esse
245 1851 353 1904 amicus
364 1869 446 1922 quam
456 1852 505 1920 iis,
525 1852 573 1922 qui
584 1858 613 1905 et
621 1851 663 1904 illi
673 1858 702 1907 et
711 1852 778 1906 mihi
789 1869 899 1922 semper
909 1851 1023 1906 suerunt
1031 1848 1119 1903 inimi·

96 1927 214 1994 cissimi3
233 1943 351 1998 quorum
363 1926 489 1982 artificiis
499 1927 629 1982 effectum
644 1933 701 1995 est,
719 1934 752 1982 ut
764 1928 927 1999 respublica
940 1927 968 1981 in
979 1928 1054 1981 bunc
1064 1935 1119 1980 sta-

94 2010 153 2058 tum
166 2004 344 2073 pervenirot.’
379 2006 445 2058 Itid.
461 2005 493 2057 13
503 2003 538 2073 A,
554 2005 583 2057 1:
602 2002 721 2059 ‘Caesar
735 2004 842 2074 Oppio,
860 2003 991 2059 Cornelio
1007 2021 1028 2056 s.
1043 2002 1077 2054 A.
1092 2001 1119 2054 d.

96 2079 150 2136 VII
165 2080 202 2133 id.
218 2079 300 2134 illast.
314 2080 495 2134 Brundisium
513 2081 592 2148 veni3
615 2081 653 2134 ad
671 2098 779 2134 murum
799 2087 894 2136 castra
911 2079 1002 2150 posui.
1038 2079 1120 2132 Pom·

96 2157 177 2227 peius
187 2163 230 2211 est
238 2155 389 2211 Brundisii.
424 2157 501 2210 misit
514 2157 551 2211 ad
566 2173 609 2212 me
620 2156 654 2211 N.
667 2156 793 2227 Magium
807 2157 842 2211 do
858 2173 937 2227 pace.
973 2171 1045 2225 quae
1059 2154 1121 2208 visa

97 2239 174 2302 sunt,
193 2233 337 2302 respondi.
373 2233 428 2287 hoe
438 2252 488 2288 vos
500 2234 594 2289 statim
609 2233 681 2288 scire
691 2233 775 2287 volui.
813 2250 875 2288 cum
890 2234 918 2287 in
929 2246 1119 2303 spemveuero

97 2310 132 2364 de
142 2310 348 2379 compositione
358 2309 465 2379 aliquid
476 2327 519 2364 me
530 2309 680 2376 conticere,
691 2309 786 2364 statim
796 2326 847 2364 vos
857 2310 990 2364 certiores
1000 2306 1120 2363 faciam:

147 2385 228 2457 (Arra.
241 2386 295 2457 to.)
319 2386 373 2439 Cic.
391 2388 427 2439 ad
441 2388 493 2438 Au.
509 2386 589 2440 XIII.
603 2388 646 2454 31,
661 2388 691 2440 3:
714 2385 759 2440 De
778 2386 901 2455 epistola
919 2387 956 2440 ad
971 2384 1121 2439 Caesarem

97 2467 215 2532 κέκρικα.
250 2467 337 2532 atque
351 2460 380 2514 id
393 2461 498 2531 ipsum,
518 2463 594 2532 quod
607 2462 655 2516 isti
669 2462 749 2516 aiunt
761 2461 840 2515 illum
860 2461 998 2527 scribere,
1018 2477 1049 2514 se
1066 2458 1121 2512 nisi
1207 2505 1211 2511 .

97 2538 257 2591 constitutis
271 2539 357 2593 rebus
371 2554 429 2591 nou
444 2538 546 2591 iturum
561 2538 589 2591 in
604 2538 741 2605 Parthos,
760 2538 834 2592 idem
848 2554 902 2607 ego
918 2537 1074 2591 suadebam
1092 2535 1122 2588 iu

96 2613 147 2668 illa
157 2614 287 2684 epistola.
322 2615 388 2667 Ibid.
402 2613 445 2681 lu,
459 2615 488 2668 2:
507 2615 629 2669 Balbum
644 2613 772 2668 conveni.
808 2631 843 2667 ex
858 2631 892 2669 eo
907 2614 978 2668 haec
987 2611 1120 2682 primum:

96 2691 181 2760 paulo
192 2695 258 2744 aute
268 2706 433 2759 acceperam
443 2707 491 2745 eas
501 2690 626 2757 litteras,
645 2689 788 2758 inquibus
802 2706 905 2759 magno
921 2704 1006 2759 opere
1021 2687 1119 2741 contir-

96 2767 484 2821 matanteludosliomauos.
520 2765 745 2836 legiepistolam.
780 2764 1120 2828 multademeoCstoue,
1221 2796 1222 2799 =

93 2860 153 2917 ‘quo
173 2842 337 2912 saepissime
356 2842 479 2913 legendo
499 2859 529 2897 se
549 2842 618 2896 dicit
631 2841 819 2912 copiosiorem
832 2840 953 2910 factum3
971 2839 1052 2893 Bruti
1066 2837 1118 2893 Ca·

96 2926 163 2975 tone
173 2920 247 2974 lecto
259 2937 289 2974 se
300 2918 354 2973 sibi
364 2919 453 2973 visum
463 2919 606 2973 disertum.

146 2995 197 3050 Aa
215 2997 247 3060 Q.
262 2995 401 3050 Pedium
415 2994 514 3065 (alo).
539 2996 592 3049 Cic.
606 2997 642 3048 ad
651 2997 703 3048 Ari.
718 2995 768 3048 IX.
783 2993 825 3062 14,
836 2995 865 3047 l:
883 2993 1008 3048 Litteras
1022 2990 1121 3061 accepi

97 3073 134 3127 ab
145 3074 178 3136 d.
190 3072 292 3135 Pedio,
310 3069 461 3127 Caesarem
470 3073 507 3126 ad
518 3089 548 3126 se
558 3072 648 3141 pridie
658 3071 695 3124 id.
703 3071 784 3125 Mart.
794 3070 904 3124 misisse
914 3070 969 3124 hoc
979 3068 1120 3138 exemplo:

99 3148 264 3218 ‘Pompeius
274 3164 304 3202 sc
314 3147 419 3217 oppido
430 3154 517 3202 tenet.
540 3165 593 3202 uos
603 3148 640 3202 ad
651 3154 748 3217 portas
759 3153 852 3201 castra
862 3147 1007 3201 habemus.
1036 3162 1121 3200 coue-

99 3243 159 3278 mur
169 3242 240 3295 opus
249 3241 382 3294 magnum
392 3230 422 3279 et
430 3225 580 3278 multorum
591 3224 698 3278 dierum
708 3231 824 3294 propter
836 3222 1012 3278 altitudinem
1023 3221 1121 3290 maris3

98 3303 148 3356 sed
168 3310 261 3356 tamen
275 3301 346 3355 nibil
361 3306 418 3368 est,
437 3301 513 3370 quod
531 3300 627 3370 potius
645 3300 790 3354 faciamus.
826 3300 862 3354 ab
881 3307 1002 3370 utroque
1021 3305 1122 3369 portus

98 3395 186 3432 corun
204 3378 293 3432 moles
312 3376 441 3444 iacimus,
459 3383 491 3430 ut
509 3384 559 3431 aut
576 3376 652 3429 illum
673 3394 756 3446 quam
774 3376 892 3447 primum
910 3376 1030 3431 traicere
1045 3376 1122 3446 quod

98 3456 185 3510 habet
195 3453 337 3508 Brundisii
348 3452 491 3522 copiarum
502 3469 636 3522 cogamus
646 3461 696 3506 aut
705 3453 781 3507 exitu
789 3452 1010 3522 prohibeamus'.

147 3530 197 3584 Ad
209 3529 243 3583 L.
254 3529 419 3584 Pisonem.
455 3531 555 3583 Chosis.
568 3547 594 3599 p.
609 3530 644 3582 60
656 3530 703 3581 P..·
721 3527 826 3583 Caesar
841 3529 877 3583 ad
887 3528 1034 3584 Pisonem:
1053 3528 1121 3582 ‘Lo-

98 3609 200 3662 cellum
209 3607 261 3660 tibi
271 3605 412 3675 signatum
422 3605 514 3659 remisi
521 3607 535 3659 '.

148 3684 197 3737 Ad
211 3683 241 3736 P.
251 3681 409 3737 Clodium
424 3683 460 3755 (a.
469 3683 523 3754 58)
559 3683 615 3736 Cic.
623 3699 673 3750 pro
684 3683 759 3733 domo
773 3683 799 3748 9,
809 3681 855 3735 22:
873 3680 998 3735 Litteras
1013 3681 1042 3734 in
1055 3697 1120 3734 con·

98 3760 174 3814 tiouo
192 3757 332 3826 recitasti,
350 3775 422 3828 quas
441 3759 493 3812 tibi
511 3775 529 3813 a
547 3758 578 3812 C.
598 3756 720 3811 Caesare
738 3757 839 3812 missas
858 3758 980 3812 diceres:
1003 3756 1123 3812 ‘Caesar

98 3836 243 3905 I'ulchro',
262 3852 325 3888 cum
343 3835 429 3889 etiam
448 3851 479 3889 es
493 3840 706 3905 argumentatus
721 3833 824 3888 amoris
838 3851 900 3889 esse
915 3833 1039 3903 signum3
1059 3850 1122 3888 curn

98 3913 257 3967 nominibus
267 3917 375 3965 tantum
384 3917 510 3966 uteretur
520 3927 613 3981 noque
624 3909 779 3964 ascriberet
787 3910 940 3980 proconsul
951 3919 1000 3964 aut
1008 3911 1121 3965 tribuno

97 3989 204 4059 plebis;
214 3988 316 4042 deinde
326 3987 462 4057 gratulari
473 3987 533 4056 tibi,
545 3985 808 4057 quode.Catouem
818 3986 963 4041 tribunatu
973 3994 1022 4041 tuo
1032 4003 1121 4041 remo·

98 4066 187 4120 visses
202 4071 231 4119 et
244 4065 321 4134 quod
336 4063 464 4118 eidemin
479 4071 623 4134 posterum
638 4063 673 4117 de
688 4063 918 4119 extraordinariis
932 4063 1123 4133 potestatibus

98 4143 258 4196 libertatem
268 4141 422 4195 ademisses
433 4151 489 4194 cett.

149 4216 200 4272 Ad
215 4218 252 4272 M.
268 4217 424 4272 Crassum
438 4219 475 4288 (a.
484 4217 539 4286 55).
574 4218 646 4270 Plut.
658 4217 746 4269 Crass.
763 4217 808 4269 16:
826 4223 924 4271 Καίτοι
939 4221 979 4286 τῷ
991 4223 1123 4289 γραφέντι

100 4302 164 4366 περὶ
172 4295 283 4348 τούτων
292 4294 371 4363 νόμῳ
381 4295 526 4365 Παρθικὸς
536 4294 655 4361 πόλεμος
666 4292 698 4346 οὐ
711 4298 825 4364 προσῆν.
860 4292 963 4365 ᾔδεσαν
972 4292 1002 4347 δι’
1012 4295 1122 4360 πάντες,

101 4369 145 4426 ὅτι
160 4371 230 4442 πρὸς
243 4376 327 4424 τοῦτο
337 4372 463 4442 Κράσσος
477 4372 621 4437 ἐπτόηται·
640 4376 685 4423 καὶ
695 4377 800 4439 Καῖσαρ
815 4374 844 4422 ἐκ
858 4370 991 4428 Γαλατίαι
1004 4375 1123 4445 ἔγραψαν

99 4449 175 4516 αὐτῷ
185 4447 236 4513 τὴν
245 4446 334 4518 ὁρμὴν
344 4453 468 4501 ἐπαινῶν
476 4454 522 4500 καὶ
533 4447 700 4517 παροξύνων
710 4451 757 4499 ἐπὶ
767 4447 818 4499 τὸν
828 4447 958 4514 πόλεμον.

151 4523 201 4577 Aa
215 4524 270 4578 Cn.
282 4524 476 4593 Pompeium
491 4525 526 4595 (a.
536 4524 589 4594 52).
627 4525 696 4576 Plut.
707 4525 797 4591 Pomp.
811 4523 857 4577 bd:
875 4523 902 4578 ‘0
915 4527 1060 4594 Πομπήϊος
1072 4531 1123 4597 ἔφη

101 4602 244 4674 γράμματα
253 4607 391 4673 Καίσαρος
400 4604 469 4668 ἔχειν
477 4599 649 4671 βουλομένου
659 4600 753 4671 λαβεῖν
762 4597 891 4668 διάδοχον
899 4607 945 4655 καὶ
959 4604 1121 4658 παύσασθαι

154 4686 219 4730 luiiru
230 4687 319 4732 crem.
920 4689 954 4742 ‘26
