2738 5272
180 705 245 770 374
490 715 606 771 BELLI
624 713 890 772 HISPANIENSIS

132 864 161 910 11
181 866 201 905 a
213 839 387 905 vernaculis
400 839 579 925 legionariis
592 848 741 923 exceptus
755 848 804 903 est
816 849 847 903 et
859 836 1060 902 interfectus.
1091 846 1223 923 postero

181 937 231 1001 die
249 936 368 1019 equites
390 935 488 1000 nostri
505 934 630 1020 longius
648 935 688 998 ad
708 933 887 998 Cordubam
909 954 1025 997 versus
1051 933 1220 1017 prosecuti

182 1040 254 1094 sunt
267 1053 331 1106 eos,
350 1029 404 1113 qui
418 1039 608 1093 commeatus
623 1029 663 1092 ad
677 1039 779 1092 eastra
791 1027 924 1112 Pompei
943 1049 985 1091 ex
1003 1027 1135 1111 oppido
1149 1049 1222 1112 por·

181 1123 297 1189 tabant.
341 1145 382 1187 ex
403 1122 451 1186 his
474 1123 556 1207 capti
574 1121 604 1184 L
623 1143 694 1185 eum
717 1121 862 1185 iumentis
885 1121 925 1184 ad
947 1133 1064 1185 nostra
1089 1120 1222 1185 adducti

182 1228 255 1282 sunt
271 1227 382 1282 castra.
414 1217 523 1280 eodem
542 1215 592 1278 die
611 1214 651 1297 Q.
670 1215 820 1292 Marcius,
839 1213 982 1279 tribunus
1002 1215 1149 1279 militum
1167 1213 1221 1297 qui

181 1311 293 1376 fuisset
310 1309 456 1394 Pompei,
479 1309 519 1372 ad
536 1332 593 1372 nos
613 1309 795 1394 transfugit3
822 1317 853 1372 et
870 1309 970 1372 noctis
990 1308 1090 1372 tertia
1109 1308 1221 1394 vigilia

181 1406 216 1469 in
232 1404 347 1489 oppido
359 1403 508 1467 acerrime
521 1414 694 1487 pugnatum
708 1414 765 1478 est,
783 1403 949 1486 ignemque
962 1401 1110 1465 multum
1127 1403 1221 1465 mise-

181 1509 266 1576 runt,
286 1497 332 1563 sic
348 1508 383 1560 ut
400 1518 491 1560 omne
509 1519 609 1581 genus
628 1545 635 1559 .
656 1544 663 1559 .
683 1544 691 1560 .
711 1544 717 1559 .
737 1496 818 1580 ignis
836 1517 892 1579 per
908 1495 1010 1559 iactus
1030 1496 1155 1561 solitus
1173 1507 1220 1559 est

183 1594 271 1657 mitti.
298 1591 358 1655 hoc
370 1591 534 1675 praeterito
548 1600 686 1675 tempore
701 1587 801 1655 Gaius
815 1589 1011 1667 Fundanius,
1031 1612 1141 1674 eques
1157 1591 1221 1655 Ro·

135 1710 164 1756 12
183 1709 304 1762 manus,
322 1707 362 1748 ex
379 1685 488 1748 castris
506 1685 752 1749 adversariorum
771 1685 811 1748 ad
827 1707 885 1748 nos
903 1682 1059 1769 confugit.
1090 1701 1220 1770 postero

183 1782 233 1844 dio
256 1802 296 1844 ex
317 1778 439 1863 legione
462 1779 628 1843 vernacula
650 1779 762 1842 milites
786 1788 858 1841 sunt
880 1777 961 1862 capti
984 1777 1027 1842 ab
1051 1779 1220 1862 equitibus

182 1873 295 1939 nostris
321 1871 371 1948 ΙΙ,
398 1872 452 1955 qui
478 1871 622 1935 dixerunt
645 1894 679 1935 sc
702 1893 809 1935 servos
832 1893 911 1935 esse.
955 1892 1031 1934 cum
1058 1873 1219 1949 venirent,

183 1967 299 2052 cogniti
321 1974 435 2030 sunta
456 1965 619 2041 militibus,
646 1965 700 2047 qui
723 1976 814 2029 antea
836 1987 907 2028 cum
928 1963 1032 2029 Fabio
1056 1976 1093 2029 et
1117 1966 1220 2030 Pedio

184 2062 307 2124 fuerunt
323 2069 354 2122 et
372 2058 528 2124 Trebonio
548 2056 818 2144 [transfugerant]
856 2060 900 2122 eis
919 2059 959 2122 atl
976 2059 1219 2143 ignoscendum

183 2153 268 2217 nulla
293 2152 425 2216 facultas
452 2168 500 2215 cst
526 2153 612 2229 data,
640 2163 670 2216 et
697 2176 716 2216 a
742 2152 890 2216 militibus
913 2153 1029 2216 nostris
1053 2153 1220 2219 interfecti

184 2255 266 2310 sunt.
309 2245 392 2309 idem
415 2246 563 2330 temporis
586 2246 669 2331 capti
692 2246 855 2322 tabellarii,
882 2244 936 2329 qui
959 2269 977 2309 a
997 2244 1164 2312 Corduba
1181 2247 1220 2311 ad

182 2339 368 2423 Pompeium
386 2339 473 2402 missi
492 2352 578 2403 erant
595 2362 818 2424 perperamque
837 2341 877 2404 ad
895 2349 1001 2402 nostra
1020 2351 1135 2404 eastra
1150 2364 1220 2425 per-

183 2443 343 2508 venerant,
370 2433 518 2516 praecisis
541 2434 685 2497 manibus
709 2435 796 2497 missi
820 2445 891 2498 sunt
912 2433 997 2496 facti.
1044 2435 1122 2516 pari
1147 2457 1220 2499 con·

184 2527 346 2590 suetudine
365 2526 472 2610 vigilia
494 2529 630 2591 secunda
653 2551 692 2591 ex
713 2529 827 2612 oppido
849 2528 954 2611 ignem
976 2527 1123 2591 multum
1143 2529 1221 2592 telo-

183 2642 313 2702 rumque
331 2620 558 2684 multitudinem
576 2622 719 2685 iactando
737 2621 815 2685 bene
831 2642 978 2704 magnum
992 2633 1130 2705 tempus
1147 2645 1221 2686 con·

184 2727 382 2799 sumpserunt
391 2715 627 2799 compluresque
637 2715 816 2778 vulneribus
832 2716 1010 2777 affecerunt.
1040 2718 1221 2798 praeterito

183 2810 282 2872 noctis
301 2819 437 2894 tempore
456 2811 647 2893 eruptionem
666 2811 706 2872 ad
724 2810 877 2893 legionem
896 2807 944 2871 Vl
963 2807 1125 2884 fecerunt,
1147 2832 1219 2873 eum

184 2903 215 2964 in
234 2925 325 2986 opere
344 2904 441 2965 nostri
459 2903 585 2967 distenti
603 2914 721 2978 essent,
746 2903 916 2984 acriterque
935 2924 1079 2985 pugnare
1103 2926 1221 2988 eoepe-

184 3008 268 3072 runt3
296 3018 428 3078 quorum
446 2996 493 3058 sis
512 3018 655 3080 repressa
673 3019 692 3059 a
708 2997 837 3071 nostris,
865 2996 923 3058 etsi
947 2995 1101 3078 oppidani
1125 3020 1221 3082 supe-

184 3089 263 3151 riore
281 3088 349 3152 loco
368 3088 622 3152 defendebantur.
667 3089 699 3152 hi
717 3113 788 3152 cum
807 3089 998 3172 eruptionem
1018 3089 1132 3154 secere
1149 3114 1221 3154 coe·

184 3181 312 3263 pissent,
331 3190 434 3243 tamen
453 3182 564 3244 virtute
584 3184 715 3245 militum
734 3193 923 3256 nostrorum,
946 3178 1028 3266 [qui]
1050 3184 1116 3246 etsi
1137 3185 1221 3248 infe-

184 3274 262 3335 riore
285 3273 353 3337 loeo
376 3274 607 3357 premebantur,
639 3274 771 3361 [tamen]
796 3275 911 3359 repulsi
934 3276 1111 3338 adversarii
1137 3276 1220 3341 bene

138 3387 167 3433 13
185 3366 289 3429 multis
300 3367 479 3430 vulneribus
489 3369 591 3431 affecti
602 3371 632 3432 in
647 3371 795 3454 oppidum
811 3393 843 3432 sc
859 3369 1063 3432 contulerunt.
1084 3381 1221 3453 postero

185 3461 235 3524 ‹lie
252 3460 422 3545 Pompeius
446 3484 484 3524 ex
507 3464 616 3526 castris
640 3465 703 3527 suis
727 3463 888 3527 brachium
907 3462 1008 3546 coepit
1031 3463 1073 3525 ad
1093 3464 1220 3530 flumen

186 3553 327 3631 Salsum;
350 3566 469 3619 etcum
492 3559 587 3620 nostri
610 3559 729 3639 equites
752 3558 843 3641 pauci
865 3557 897 3619 in
921 3556 1053 3620 statione
1072 3556 1221 3624 fuissent

185 3673 204 3712 a
220 3648 360 3733 pluribus
378 3650 503 3733 reperti,
532 3652 570 3714 de
589 3652 719 3714 statione
743 3664 815 3713 sunt
832 3651 942 3714 ‹leiecti
967 3663 996 3713 et
1014 3651 1119 3715 occisi
1140 3666 1219 3718 tres.

185 3765 222 3805 eo
249 3744 299 3806 dic
325 3742 429 3806 Aulus
455 3743 603 3828 Valgius,
632 3745 782 3808 senatoris
809 3745 905 3819 filius,
938 3744 1025 3807 euius
1055 3744 1162 3810 srater
1189 3749 1220 3812 in

185 3837 294 3899 castris
307 3835 438 3919 Pompei
457 3835 576 3913 fuisset,
596 3838 740 3901 omnibus
759 3838 824 3900 suis
843 3837 936 3900 rebus
955 3837 1071 3900 relictis
1092 3861 1218 3923 equum

185 3930 364 3992 conscendit
382 3941 412 3992 et
430 3929 520 4014 fugit.
566 3930 740 4014 speculator
757 3932 797 3994 de
818 3931 940 4015 legione
959 3930 993 3993 Il
1010 3929 1220 4016 Pompeiana

185 4039 293 4107 captus
320 4047 340 4087 a
365 4023 512 4088 militibus
540 4036 570 4088 et
597 4026 775 4088 interfectus
798 4036 859 4101 est;
886 4027 1030 4107 idemque
1058 4032 1219 4113 temporis

185 4118 275 4202 glans
293 4118 390 4180 missa
407 4130 454 4180 est
471 4118 631 4202 inscripta:
650 4141 712 4201 quo
731 4119 779 4182 die
798 4120 838 4182 ad
856 4118 1005 4203 oppidum
1019 4120 1218 4202 capiendum

185 4210 374 4286 accederent,
394 4234 428 4275 se
446 4224 568 4275 scutum
587 4235 656 4275 esse
674 4213 856 4295 positurum.
901 4235 963 4295 qua
981 4234 1036 4295 spe
1055 4218 1218 4289 nonnulli,

185 4303 259 4365 dum
278 4304 343 4366 sine
362 4305 497 4388 periculo
516 4328 638 4369 murum
652 4307 818 4368 ascendere
834 4317 865 4368 et
878 4306 992 4389 oppido
1006 4306 1101 4389 potiri
1115 4330 1218 4392 posse

187 4417 220 4459 se
239 4408 376 4478 sperant,
399 4408 522 4482 postero
541 4400 647 4462 dicad
666 4422 789 4462 murum
808 4423 886 4483 opus
910 4403 1012 4462 iacere
1035 4415 1218 4485 coeperunt

186 4498 217 4552 et
238 4486 316 4552 bene
339 4514 453 4575 magna
474 4493 583 4575 prioris
606 4493 686 4555 muri
708 4505 794 4576 parte
817 4494 936 4557 deiecta
959 4541 1109 4558 ......
1149 4519 1217 4579 quo
