2738 5272
189 761 251 828 188
534 772 587 829 DE
605 771 731 828 BELLO
751 769 871 829 CIVILI

137 919 171 968 2³
188 899 349 964 consulere
368 907 526 984 cogantur.
562 895 647 962 facta
663 904 816 981 potestate
834 895 975 960 discedit.
1008 893 1138 973 Caesar,
1159 895 1222 962 ubi

186 991 275 1070 luxit,
294 1014 402 1058 omnes
421 1001 579 1057 senatores
599 1000 839 1073 senatorumque
852 988 978 1066 liberos,
997 988 1140 1053 tribunos
1156 990 1222 1054 mi-

187 1086 276 1151 litum
290 1087 471 1170 equitesque
484 1085 645 1150 Romanos
658 1085 699 1149 ad
713 1106 747 1150 se
758 1084 889 1169 produci
902 1083 997 1148 iubet.
1020 1093 1108 1148 erant
1121 1085 1221 1166 quin·

187 1202 248 1263 que
266 1180 382 1245 ordinis
401 1179 556 1256 senatorii,
574 1180 615 1243 L.
632 1178 804 1254 Domitius,
823 1176 860 1241 P.
874 1177 1031 1242 Lentulus
1051 1173 1218 1262 Spinther,

186 1273 251 1338 ⁴1..
274 1273 432 1338 Vibullius
453 1271 593 1350 Rufus*
626 1269 700 1337 Sex.
725 1270 895 1353 Quintilius
918 1271 1022 1336 Varus
1049 1282 1216 1354 quaestor,

186 1367 227 1432 L.
236 1366 390 1442 Rubrius3
407 1377 567 1453 praeterea
584 1365 666 1431 filius
679 1366 801 1430 Domiti
815 1365 928 1449 aliique
942 1364 1118 1449 complures
1133 1366 1218 1431 adu-

186 1462 339 1527 lescentes
357 1472 389 1526 et
405 1484 538 1548 magnus
557 1483 705 1525 numerus
724 1461 862 1542 equitum
876 1460 1088 1524 Romanorum
1107 1469 1138 1524 et
1157 1461 1218 1525 de-

186 1556 362 1633 curionum,
389 1577 469 1639 quos
488 1578 528 1620 ex
544 1554 721 1640 municipiis
739 1553 899 1618 Domitius
922 1563 1115 1617 evocaverat.
1151 1553 1216 1620 hos

185 1672 294 1715 omnes
312 1649 480 1735 productos
498 1673 518 1714 a
534 1648 729 1714 contumeliis
751 1648 884 1711 militum
906 1647 1117 1729 conviciisque
1139 1669 1218 1732 pro-

186 1743 286 1821 hibet3
308 1765 409 1828 pauca
425 1744 509 1828 apud
527 1766 581 1807 eos
598 1742 748 1827 loquitur,
772 1741 856 1825 quod
879 1740 938 1805 sibi
960 1764 980 1805 a
996 1751 1083 1825 parte
1102 1763 1216 1807 eorum

185 1838 287 1923 gratia
307 1838 404 1901 relata
425 1860 489 1901 non
511 1837 551 1902 sit
571 1859 629 1922 pro
651 1837 716 1900 suis
739 1836 771 1899 in
793 1857 847 1900 eos
866 1834 1011 1898 maximis
1033 1833 1213 1910 beneficiis;

186 1931 312 1995 dimittit
329 1953 437 1995 omnes
455 1930 636 1996 incolumes.
672 1927 733 1995 HS
751 1929 834 2005 LX,
853 1929 938 2013 quod
956 1929 1124 1993 advexerat
1141 1928 1217 1993 Do·

186 2024 291 2088 mitius
305 2032 398 2107 atque
410 2023 443 2086 in
456 2023 580 2106 publico
594 2023 790 2108 deposuerat,
805 2023 934 2086 allatum
948 2022 988 2085 ad
1002 2045 1036 2086 se
1049 2021 1089 2086 ab
1098 2021 1216 2087 IIviris

187 2115 433 2182 Corfiniensibus
451 2115 592 2180 Domitio
609 2116 725 2193 reddit,
743 2139 783 2180 ne
801 2116 1006 2180 continentior
1022 2116 1056 2179 in
1072 2115 1217 2181 vitabo-

187 2211 305 2275 minum
318 2232 413 2295 quam
426 2211 458 2274 in
471 2210 604 2295 pecunia
612 2210 711 2275 fuisse
724 2212 875 2288 videatur,
891 2211 949 2275 etsi
963 2233 1032 2274 eam
1044 2209 1217 2295 pecuniam

185 2303 343 2389 publicam
365 2326 436 2369 esse
458 2302 621 2368 constabat
644 2304 811 2388 datamque
835 2303 1024 2388 aPompeio
1041 2304 1074 2367 in
1093 2303 1217 2389 stipen-

186 2398 282 2462 dium.
317 2398 431 2462 milites
452 2398 653 2463 Domitianos
677 2410 906 2486 sagramentum
933 2398 1019 2482 apud
1045 2419 1079 2461 se
1105 2396 1215 2462 dicere

185 2490 273 2555 iubet
297 2501 390 2575 atque
411 2514 449 2556 eo
471 2490 520 2556 dic
547 2503 649 2556 castra
670 2505 774 2557 movet
800 2493 978 2575 iustumque
1005 2492 1064 2555 iter
1085 2490 1215 2555 conficit

186 2584 253 2649 VH
274 2586 400 2651 omnino
422 2586 488 2650 dies
511 2586 551 2651 ad
575 2584 749 2651 Corfinium
771 2596 979 2650 commoratus
1002 2595 1032 2649 et
1053 2606 1109 2669 per
1131 2584 1214 2649 fines

185 2678 444 2758 Marrucinorum,
462 2680 699 2758 Frentanorum,
717 2681 914 2745 Larinatium
927 2681 959 2744 in
973 2678 1122 2765 Apuliam
1141 2701 1216 2763 per·

186 2775 280 2839 venit.

137 2886 169 2933 24
249 2867 420 2955 Pompeius
438 2870 486 2934 his
505 2869 598 2934 rebus
617 2871 759 2957 cognitis,
779 2892 859 2953 quae
877 2880 964 2934 erant
981 2869 1021 2933 ad
1036 2866 1214 2932 Corfinium

185 2973 303 3046 gestae,
321 2964 459 3028 Luceria
479 2964 685 3048 proficiscitur
704 2963 878 3029 Canusium
901 2974 993 3046 atque
1016 2962 1087 3026 inde
1104 2960 1214 3026 Brun-

185 3056 308 3120 disium.
345 3057 450 3141 copias
470 3058 606 3140 undique
624 3079 733 3121 omues
752 3082 791 3121 ex
813 3058 903 3122 novis
926 3055 1096 3122 delectibus
1115 3056 1158 3118 ad
1176 3077 1214 3120 se

185 3149 256 3232 cogi
274 3148 374 3225 iubet;
401 3173 522 3226 servos,
549 3161 691 3235 pastores
714 3163 814 3214 armat
831 3162 925 3233 atquc
946 3150 985 3214 iis
1008 3171 1104 3232 equos
1123 3149 1214 3211 attri-

185 3240 265 3305 buit:
293 3264 332 3305 ex
348 3242 397 3307 his
420 3243 541 3307 circiter
564 3242 653 3308 000
681 3246 800 3327 equites
829 3244 960 3308 conficit.
1002 3244 1043 3306 L.
1067 3240 1211 3306 Manlius

184 3345 307 3419 praetor
319 3336 405 3400 Alba
423 3359 493 3400 cum
512 3337 691 3402 cohortibus
706 3361 761 3403 scx
775 3338 923 3423 profugit,
942 3337 1078 3400 Rutilius
1092 3335 1210 3420 Lupus

79 3510 81 3515 Ι
184 3439 307 3513 praetor
320 3428 487 3494 Terracina
504 3454 576 3495 cum
594 3431 707 3508 tribus3
726 3454 806 3513 quae
819 3431 927 3516 procul
941 3430 1112 3513 equitatum
1127 3427 1213 3492 an-

185 3522 263 3587 saris
281 3524 487 3608 conspicatae,
507 3526 556 3589 cui
570 3537 710 3610 praeerat
724 3525 837 3589 Vibius
854 3525 978 3599 Carina,
998 3523 1104 3587 relicto
1117 3543 1212 3606 prae-

184 3626 251 3681 tore
269 3617 360 3703 signa
377 3618 417 3682 ad
431 3617 563 3683 Curium
581 3619 772 3683 transferunt
787 3630 880 3701 atque
898 3618 938 3681 ad
952 3640 1024 3680 cum
1037 3624 1209 3680 transeunt.

183 3711 259 3775 item
275 3711 400 3794 reliquis
419 3712 580 3777 itineribus
599 3712 765 3776 nonnullae
784 3713 926 3776 cohortes
948 3711 980 3774 in
998 3733 1111 3796 agmen
1126 3707 1209 3773 Cac-

184 3805 272 3882 saris,
292 3804 369 3869 aliae
387 3805 419 3869 in
437 3807 557 3889 equites
576 3806 724 3870 incidunt.
753 3806 909 3869 reducitur
927 3805 967 3868 ad
985 3826 1057 3867 eum
1076 3804 1209 3886 depren-

184 3922 238 3963 sus
257 3921 296 3963 ex
313 3899 422 3963 itinere
435 3899 474 3964 N.
488 3899 617 3985 Magius
633 3898 797 3975 Cremona,
816 3899 992 3984 praefectus
1007 3898 1130 3962 fabrum
1146 3896 1207 3961 Cn.

183 3993 325 4076 Pompei.
369 4017 463 4076 quem
487 3994 606 4059 Caesar
632 3995 764 4058 adeum
788 3995 915 4057 remittit
937 4016 1009 4058 cum
1036 3992 1206 4056 mandatis:

183 4087 330 4169 quoniam
348 4088 389 4152 ad
406 4088 439 4151 id
457 4098 579 4173 tempus
598 4087 730 4152 facultas
745 4088 941 4170 colloquendi
957 4111 1021 4152 non
1039 4086 1141 4162 fuerit,
1162 4097 1208 4149 at·

183 4202 244 4264 que
261 4182 329 4266 ipse
347 4182 549 4247 Brundisium
567 4183 608 4247 sit
624 4194 783 4258 venturus
802 4183 951 4247 interesse
969 4182 1158 4268 reipublicae
1177 4190 1208 4245 et

183 4277 358 4340 communis
381 4278 489 4342 salutis
513 4301 546 4343 se
570 4301 640 4342 cum
658 4278 810 4363 Pompeio
833 4279 980 4362 colloqui3
1008 4301 1109 4361 nequo
1131 4300 1207 4341 vcro

183 4367 265 4431 idem
279 4371 388 4452 profici
400 4371 495 4457 longo
508 4372 625 4437 itineris
640 4373 749 4457 spatio,
765 4395 835 4436 eum
849 4396 905 4457 per
918 4374 994 4438 alios
1009 4372 1206 4437 condiciones

184 4461 331 4539 ferantur,
345 4485 382 4527 ac
395 4465 422 4528 si
432 4475 540 4530 'coram
554 4466 592 4530 de
602 4466 746 4531 omnibus
760 4466 991 4531 condicionibus
1006 4467 1205 4551 disceptetur.

133 4576 166 4624 25
183 4554 233 4620 his
247 4555 327 4621 datis
341 4558 494 4623 mandatis
504 4559 709 4624 Brundisium
722 4583 794 4625 eum
807 4561 982 4648 legionibus
991 4560 1041 4625 VI
1053 4559 1205 4648 pervenit,
