2738 5272
249 749 311 815 186
587 760 640 815 DE
657 759 783 816 BELLO
802 759 922 816 ClVILI

246 887 432 969 Attiumque
441 883 627 948 incolumem
637 884 763 949 dimisit.
792 882 911 948 Caesar
918 883 1027 967 primis
1041 881 1151 946 diebus
1166 891 1278 946 castra

246 981 368 1067 magnis
387 979 533 1064 operibus
551 980 671 1044 munire
689 991 720 1043 et
737 1001 776 1043 ex
789 978 927 1042 finitimis
942 976 1116 1062 municipiis
1130 975 1277 1040 frumen-

245 1086 312 1139 tum
330 1085 522 1160 comportare
539 1073 734 1157 reliquasque
749 1074 854 1159 copias
868 1082 1048 1157 exspectare
1060 1071 1203 1136 instituit.
1233 1093 1276 1134 eo

246 1170 350 1235 triduo.
364 1169 447 1255 legio
461 1168 545 1232 Vlll
563 1169 603 1233 ad
621 1191 693 1232 eum
710 1169 795 1232 venit
812 1167 1017 1251 cohortesque
1034 1189 1074 1230 ex
1087 1166 1176 1230 novis
1193 1163 1278 1231 Gal-

245 1265 305 1328 liae
326 1263 498 1328 delectibns
516 1262 625 1327 XXII
647 1263 828 1346 equitesque
851 1262 891 1326 ab
913 1284 987 1347 rege
1010 1261 1123 1326 Norico
1146 1260 1276 1324 circiter

247 1356 346 1423 CCC.
381 1380 513 1442 quorum
536 1357 672 1421 adventu
698 1357 794 1420 altera
820 1367 922 1420 eastra
948 1355 988 1420 ad
1010 1355 1138 1420 alteram
1160 1354 1275 1439 oppidi

244 1463 365 1537 partem
383 1451 484 1537 ponit:
502 1451 551 1515 his
570 1451 679 1515 castris
695 1449 864 1515 Curionem
877 1448 1036 1534 praefecit.
1062 1449 1189 1531 reliquis
1204 1449 1277 1512 die-

245 1546 305 1611 bus
320 1546 469 1631 oppidum
478 1545 559 1610 vallo
568 1544 765 1628 castellisque
778 1543 1000 1608 circumvenire
1014 1543 1154 1607 instituit.
1178 1543 1274 1608 cuius

245 1641 348 1726 operis
365 1640 503 1704 maxima
523 1649 610 1724 parte
633 1638 745 1702 effecta
767 1637 877 1702 eodem
899 1637 964 1701 fere
987 1646 1124 1722 tempore
1142 1637 1233 1700 missi
1254 1661 1277 1702 a

196 1754 226 1800 19
245 1733 397 1819 Pompeio
414 1743 619 1798 revertuntur.
654 1732 763 1797 litteris
782 1731 925 1817 perlectis
943 1731 1103 1795 Domitius
1122 1730 1276 1794 dissimu-

246 1828 314 1893 lans
336 1829 368 1891 in
395 1827 525 1892 concilio
550 1827 729 1912 pronuntiat
750 1825 936 1910 Pompeium
963 1824 1102 1889 celeriter
1128 1824 1275 1889 subsidio

246 1932 410 1987 venturum
436 1921 636 2004 hortaturque
662 1943 730 1997 eos,
762 1942 801 1984 ne
825 1920 929 1983 animo
955 1918 1100 1982 deficiunt
1125 1940 1274 2001 quaeque

246 2016 317 2080 usui
339 2016 380 2080 ad
401 2015 632 2078 defendendum
655 2014 804 2099 oppidum
828 2014 890 2077 sint
911 2024 1029 2098 parent.
1064 2013 1132 2097 ipse
1154 2033 1274 2076 arcano

246 2132 318 2174 cum
331 2109 439 2193 paucis
453 2107 657 2172 familiaribus
671 2109 736 2172 suis
747 2108 931 2191 colloquitur
940 2107 1164 2189 consiliumque
1173 2106 1274 2192 fugae

246 2224 357 2288 capere
380 2201 547 2267 constituit.
588 2225 658 2266 cum
681 2202 786 2266 vultus
804 2201 926 2265 Domiti
948 2223 1021 2265 cum
1043 2201 1181 2264 oratione
1206 2224 1273 2265 non

246 2296 433 2360 consentiret
455 2307 549 2378 atque
571 2295 676 2360 omnin
697 2295 901 2380 trepidantius
929 2294 1129 2376 timidiusque
1152 2304 1272 2379 ageret,

246 2414 340 2473 quam
349 2390 559 2475 superioribus
574 2390 684 2454 diebus
698 2399 889 2465 consuesset,
909 2389 1103 2471 multumque
1118 2410 1189 2450 cum
1204 2389 1273 2452 suis

246 2485 429 2550 consiliandi
447 2508 542 2549 eausa
559 2496 677 2549 secreto
696 2495 818 2569 praeter
840 2483 1095 2547 consuetudinem
1114 2483 1274 2565 colloque-

245 2591 338 2656 retur,
357 2579 488 2643 coneilia
505 2589 738 2662 conventusque
756 2578 916 2642 bominum
934 2577 1065 2662 fugeret,
1084 2599 1134 2640 res
1152 2577 1273 2640 diutius

246 2673 310 2758 tegi
327 2673 576 2756 dissimularique
594 2695 656 2737 non
673 2673 783 2758 potuit.
815 2672 985 2756 Pompeius
1004 2672 1086 2735 enim
1103 2671 1274 2755 rescripse-

245 2777 307 2831 rat:
328 2790 396 2831 scsc
410 2790 476 2830 rem
489 2768 521 2830 in
536 2790 692 2831 summum
706 2766 878 2851 periculum
891 2766 1097 2829 deducturum
1111 2787 1173 2828 non
1187 2787 1271 2842 esse,

246 2883 346 2945 neque
366 2884 422 2924 suo
441 2861 569 2925 consilio
587 2871 640 2924 aut
654 2861 812 2924 voluntate
826 2859 1002 2924 Domitium
1016 2881 1049 2923 sc
1067 2859 1100 2922 in
1118 2858 1271 2942 oppidum

247 2954 420 3018 Corfinium
439 2955 620 3018 contulisse:
643 2955 787 3039 proinde,
807 2955 833 3018 si
852 2977 915 3037 qua
932 2954 1044 3017 suisset
1062 2953 1209 3028 facultas,
1230 2953 1273 3015 ad

247 3069 281 3111 se
299 3069 370 3110 cum
389 3047 533 3111 omnibus
556 3047 654 3131 copiis
676 3048 804 3111 veniret.
840 3047 873 3108 id
895 3069 933 3109 ne
957 3046 1023 3110 fieri
1040 3055 1162 3131 posset,
1185 3045 1273 3109 obsi-

195 3160 228 3206 ‘20
246 3140 337 3202 dione
356 3150 448 3220 atque
466 3140 573 3224 oppidi
591 3139 880 3204 circummunitione
893 3140 997 3204 fiebat.
1025 3140 1186 3225 divulgato
1200 3139 1273 3204 Do-

246 3232 324 3296 mitii
350 3233 479 3296 consilio
506 3233 633 3310 milites,
661 3235 825 3317 quierant
849 3233 993 3310 Corfinii,
1021 3235 1121 3319 prima
1147 3234 1273 3318 vesperi

247 3326 454 3390 secessionem
477 3327 595 3391 faciunt
617 3340 710 3411 atque
732 3329 776 3391 ita
796 3329 877 3391 inter
899 3352 932 3392 sc
955 3352 1010 3413 per
1032 3328 1171 3393 tribunos
1191 3329 1274 3391 mili-

247 3432 312 3483 tum
331 3421 587 3504 centurionesque
605 3432 698 3504 atque
716 3422 953 3486 honestissimos
972 3423 1020 3487 sui
1034 3422 1156 3507 generis
1175 3421 1274 3485 collo-

247 3525 397 3598 quuntur:
417 3514 552 3579 obsideri
567 3539 600 3579 sc
614 3515 789 3592 aCaesam,
804 3539 898 3601 opera
911 3517 1160 3598 munitionesque
1174 3538 1273 3600 prope

250 3632 319 3674 esse
336 3608 505 3694 perfectam
529 3611 640 3674 ducem
664 3633 755 3674 suum
773 3611 962 3685 Domitium,
986 3610 1074 3673 cuius
1098 3630 1154 3693 spe
1176 3622 1274 3691 atque

246 3705 360 3769 fiducia
382 3706 620 3789 permanserint,
647 3706 793 3791 proiectis
816 3704 960 3769 omnibus
983 3704 1078 3788 fugae
1105 3703 1273 3767 consilium

247 3824 371 3886 capere:
399 3800 512 3865 debere
535 3823 569 3865 se
592 3823 666 3865 suae
690 3801 799 3865 salutis
821 3801 973 3864 rationem
996 3799 1120 3863 habere.
1157 3796 1197 3861 ab
1221 3797 1272 3862 his

247 3897 346 3980 primo
368 3894 468 3959 Marsi
490 3895 654 3959 dissentire
676 3896 827 3979 incipiunt
854 3916 984 3976 eamque
1007 3893 1113 3978 oppidi
1140 3904 1273 3976 partem,

247 4012 327 4073 quae
346 3991 553 4055 munitissima
571 3991 740 4066 videretur,
765 3998 931 4073 occupant,
955 3998 1100 4070 tantaque
1118 3987 1272 4050 intereos

249 4084 402 4147 dissensio
421 4085 555 4161 exsistit,
579 4095 614 4148 ut
631 4108 758 4148 manum
777 4105 939 4146 conserere
956 4093 1049 4164 atque
1068 4081 1161 4144 armis
1180 4080 1274 4144 dimi-

250 4198 319 4239 care
338 4189 500 4255 conentur3
519 4188 589 4262 post
603 4178 696 4262 paulo
709 4189 813 4242 tamen
828 4176 1023 4240 internuntiis
1037 4176 1118 4238 ultro
1132 4174 1273 4256 citroque

250 4269 353 4332 missis
376 4292 456 4351 quae
478 4272 676 4357 ignorabant,
699 4273 738 4336 de
757 4274 796 4336 Is.
816 4271 936 4335 Domiti
954 4272 1044 4356 suga,
1067 4280 1270 4355 cognoscunt.

249 4363 352 4445 itaque
371 4384 478 4428 omnes
496 4389 558 4431 uno
576 4368 705 4432 consilio
722 4367 898 4432 Domitium
915 4366 1101 4451 productum
1118 4366 1150 4428 in
1168 4364 1272 4447 publi-

250 4479 321 4520 cum
340 4457 569 4524 circumsistunt
587 4472 618 4525 et
631 4463 810 4526 custodiunt
822 4460 1002 4546 legatosque
1017 4483 1056 4523 cx
1070 4482 1126 4523 suo
1140 4479 1271 4521 numero

250 4552 291 4615 ad
313 4550 481 4617 Caesarem
508 4555 645 4619 mittunt:
674 4578 743 4619 sese
768 4565 893 4639 paratos
921 4576 991 4619 csse
1015 4564 1121 4638 portas
1149 4551 1270 4636 aperire
