2738 5272
245 763 309 830 280
588 773 641 829 DE
658 772 785 828 BELLO
803 770 924 830 CIVlLl

245 923 308 984 qua
324 921 357 964 re
376 898 592 963 animadversa
610 894 730 962 Caesar
747 896 852 981 copias
870 918 944 961 suas
963 896 1068 962 divisit
1086 906 1270 982 partemque

245 993 402 1080 legionum
419 993 452 1058 in
465 990 575 1056 eastris
587 989 721 1075 Pompei
737 1011 897 1055 remanere
913 990 1014 1067 iussit,
1032 1002 1152 1076 partem
1165 991 1197 1054 in
1211 1013 1271 1055 sua

245 1096 347 1152 eastm
363 1086 496 1164 remisit,
520 1084 591 1148 IIII
609 1105 716 1149 secum
733 1083 873 1170 legiones
891 1084 980 1148 duxit
997 1084 1270 1168 commodioreque

244 1180 353 1244 itinere
374 1177 575 1265 Pompeianis
602 1199 763 1243 cacunem
789 1178 891 1263 coepit
917 1189 948 1242 et
974 1199 1157 1263 progressus
1183 1177 1271 1242 milia

245 1296 396 1359 passuum
417 1272 467 1338 VI
489 1273 587 1337 aciem
609 1272 763 1336 instruxit.
800 1293 864 1355 qua
884 1293 918 1335 re
941 1271 1157 1336 animadversa
1172 1269 1271 1335 Pom-

245 1368 349 1453 peiani
366 1368 398 1431 in
415 1366 552 1450 quodam
574 1376 679 1431 monte
701 1365 913 1430 constiterunt.
948 1365 1032 1429 hunc
1054 1376 1190 1429 montem
1211 1364 1271 1429 flu·

247 1483 319 1526 men
338 1459 512 1525 subluebat.
549 1457 668 1526 Caesar
685 1459 799 1523 milites
817 1458 1005 1537 cohortatus,
1024 1459 1083 1523 etsi
1097 1459 1191 1523 totius
1208 1458 1271 1522 diei

248 1555 417 1620 continenti
429 1553 535 1619 labore
549 1563 636 1621 erant
649 1553 791 1630 confecti,
806 1575 930 1636 noxque
944 1552 1006 1617 iam
1017 1552 1151 1630 suberat,
1166 1563 1271 1617 tamen

247 1649 417 1714 munitione
435 1649 551 1713 flumen
568 1671 588 1713 a
604 1659 709 1713 monte
727 1647 863 1725 seclusit,
882 1669 921 1711 ne
939 1657 1034 1711 noctu
1050 1646 1158 1730 aquari
1174 1644 1273 1710 Pom·

248 1744 352 1829 peiani
369 1753 507 1828 possent.
535 1765 597 1827 quo
615 1742 753 1828 perfecto
770 1764 863 1827 opere
880 1741 925 1805 illi
942 1742 981 1805 de
994 1740 1150 1805 deditione
1164 1740 1271 1804 missis

249 1837 360 1924 legatis
383 1858 476 1924 agere
498 1847 675 1921 coeperunt.
714 1836 806 1922 pauci
825 1835 940 1900 ordinis
968 1834 1127 1910 senatorii,
1154 1834 1210 1917 qui
1236 1856 1271 1898 se

198 1951 231 1999 98
249 1953 322 1996 eum
334 1931 372 1995 iis
386 1931 618 2008 coniunxerant,
637 1940 727 1995 noete
740 1930 818 2015 fuga
832 1929 963 1994 salutem
977 1928 1160 2014 petiverunt.
1189 1925 1273 1992 (lae-

248 2048 300 2090 sar
317 2024 417 2109 prima
433 2024 502 2088 luce
521 2046 628 2088 omnes
647 2046 716 2102 eos,
739 2025 842 2107 quiin
860 2034 966 2088 monte
989 2022 1206 2099 consederant,
1230 2044 1271 2086 cx

249 2117 459 2203 superioribus
485 2118 562 2182 locis
588 2118 621 2180 in
645 2117 810 2204 planiciem
842 2117 1029 2182 descendere
1061 2126 1153 2198 atque
1183 2138 1273 2179 arma

247 2214 386 2298 proicere
408 2212 507 2277 iussit.
552 2213 636 2296 quod
657 2211 713 2276 ubi
735 2213 802 2277 sine
824 2212 1019 2276 recusatione
1041 2209 1181 2275 fecerunt
1198 2231 1273 2294 pas-

250 2306 354 2389 sisque
379 2306 491 2391 palmis
518 2306 647 2391 proiecti
673 2306 713 2370 ad
739 2319 852 2370 terram
878 2306 988 2370 flentes
1010 2303 1051 2369 ab
1078 2326 1115 2368 eo
1137 2302 1272 2368 salutem

248 2400 432 2484 petiverunt,
452 2399 629 2464 consolatus
649 2421 836 2485 consurgere
855 2399 945 2464 iussit
962 2408 993 2463 ct
1005 2420 1106 2483 pauca
1119 2397 1202 2481 apud
1216 2417 1271 2460 eos

250 2493 289 2557 de
306 2493 431 2557 lenitate
450 2517 508 2559 sua
524 2493 661 2571 locutus,
680 2516 741 2578 quo
760 2494 878 2558 minore
896 2504 1000 2557 essent
1018 2493 1140 2567 timore,
1159 2512 1271 2554 omnes

251 2586 445 2651 conservavit
462 2586 673 2670 militibusque
692 2587 756 2652 suis
775 2586 1017 2663 commendarit,
1036 2607 1074 2649 ne
1092 2585 1146 2667 qui
1163 2606 1273 2648 eorum

250 2681 429 2759 violaretur,
456 2704 517 2746 neu
540 2681 616 2765 quid
633 2681 681 2746 sui
704 2681 925 2768 desiderarent.
961 2680 1020 2743 hac
1042 2677 1180 2743 adhibita
1202 2677 1274 2740 dili-

174 2819 175 2822 =
250 2775 356 2861 gentio
373 2797 412 2839 ex
430 2775 538 2840 castris
557 2774 618 2840 sibi
635 2775 773 2861 legiones
792 2774 868 2838 alias
888 2796 1048 2838 occurrere
1066 2784 1097 2836 et
1110 2795 1172 2846 eas,
1192 2792 1273 2853 quas

252 2891 358 2934 secum
376 2870 520 2946 (luxerat,
546 2869 697 2933 invicem
719 2869 914 2952 requiescere
936 2878 1029 2949 atque
1051 2867 1084 2930 in
1105 2878 1206 2929 castra
1223 2887 1273 2928 re·

201 2981 232 3029 99
252 2963 330 3026 verti
347 2963 437 3027 iussit
455 2964 626 3044 eodemque
645 2963 694 3026 die
707 2961 853 3025 Larisam
872 2961 1021 3046 pervenit.
1048 2960 1080 3023 in
1098 2982 1135 3023 eo
1152 2958 1272 3043 proelio

251 3078 313 3118 non
327 3055 460 3139 amplius
475 3055 533 3118 CC
547 3055 660 3118 milites
676 3055 872 3130 desiderarit,
888 3054 943 3119 sed
956 3054 1160 3128 centuriones,
1174 3051 1272 3116 sortes

251 3148 348 3224 viros,
372 3149 491 3210 circiter
507 3147 619 3210 XXX
635 3147 747 3210 amisit.
784 3148 965 3212 interfectus
988 3158 1035 3212 est
1057 3148 1149 3212 etiam
1166 3145 1274 3210 fortis-

251 3240 328 3304 sime
346 3262 489 3324 pugnans
508 3240 682 3318 Crastinus,
702 3242 790 3306 cuius
809 3243 997 3306 mentionem
1016 3265 1110 3326 supra
1127 3241 1272 3316 fecimus,

250 3332 355 3416 gladio
376 3333 410 3394 iu
431 3356 466 3397 os
493 3334 659 3409 adversum
687 3336 834 3400 coniecto.
879 3359 980 3419 neque
1006 3337 1040 3399 id
1065 3336 1124 3399 suit
1144 3333 1272 3409 salsuris,

250 3425 335 3507 quod
352 3424 403 3488 ille
420 3426 453 3489 in
470 3450 608 3512 pugnam
627 3427 825 3512 proficiscens
840 3430 969 3494 dixerat.
997 3430 1042 3493 sic
1056 3429 1138 3492 enim
1153 3426 1275 3491 Caesar

252 3519 456 3598 existimabat,
476 3543 512 3585 eo
531 3522 647 3606 proelio
666 3523 957 3587 excellentissimam
975 3524 1120 3587 virtutem
1135 3520 1275 3586 Crastini

251 3613 359 3691 luisse,
378 3615 555 3700 optimeque
574 3638 646 3680 eum
660 3617 698 3681 do
713 3619 904 3681 samaritum
918 3616 1084 3681 iudicabat.
1110 3616 1162 3680 Ex
1176 3615 1274 3680 Pom-

251 3709 362 3792 peiano
389 3710 526 3774 exercitu
552 3711 673 3774 circiter
699 3711 784 3775 milia
805 3710 873 3775 XV
900 3711 1050 3775 cecidisse
1077 3709 1273 3784 videbantur,

253 3802 358 3866 sedin
375 3803 561 3868 deditionem
580 3816 731 3868 venerunt
752 3805 886 3889 amplius
908 3804 993 3868 milia
1009 3803 1153 3867 XXllII
1171 3802 1276 3884 (nam-

254 3918 315 3979 que
338 3898 430 3962 etiam
453 3898 608 3974 cohortes,
635 3921 716 3981 quae
742 3899 897 3984 praesidio
923 3899 955 3961 in
977 3897 1112 3962 castellis
1139 3897 1274 3971 fuerant,

256 4012 325 4055 sese
345 3988 450 4056 Sullae
468 3992 678 4076 dediderunt),
702 3991 790 4055 multi
808 4003 966 4076 praeterea
983 3990 1015 4054 in
1033 3990 1179 4054 finitimas
1198 3990 1276 4053 civi-

255 4093 333 4171 tates
351 4085 544 4170 refugerunt3
568 4086 719 4170 signaque
737 4085 881 4149 militaria
898 4109 937 4150 ex
958 4083 1075 4169 proelio
1097 4085 1137 4148 ad
1156 4082 1275 4148 Caesa·

254 4200 319 4241 rem
337 4191 409 4243 sunt
426 4178 522 4243 relata
540 4177 711 4244 CLXXX
729 4191 759 4244 et
777 4179 898 4263 aquilae
916 4178 1026 4243 VIIII.
1052 4180 1093 4242 L.
1112 4177 1274 4242 Domitius

254 4293 294 4333 ex
312 4273 420 4336 castris
439 4274 470 4337 in
487 4285 623 4338 montem
637 4274 805 4360 refugiens,
825 4296 896 4337 cum
910 4274 991 4337 vires
1006 4296 1076 4338 eum
1091 4271 1274 4336 lassitudine

253 4362 449 4442 defecissent,
468 4366 508 4431 ab
528 4367 683 4450 equitibus
702 4380 749 4433 cst
766 4367 956 4432 interfectus.

189 4479 236 4526 100
317 4455 437 4520 Eodem
457 4469 593 4545 tempore
607 4460 650 4524 D.
664 4461 794 4526 Laelius
813 4461 997 4525 cumulasse
1015 4460 1055 4524 ad
1068 4458 1273 4522 Brundisium
