2692 5206
495 800 613 857 consu.
631 803 653 857 1.
670 803 788 857 sr-n.
1089 789 1152 856 195

108 928 270 1011 legiones
289 926 321 989 in
335 925 522 1009 Hispaniam
539 927 741 1010 praemiserat
753 925 812 990 VI.
838 926 953 991 auxilia
969 927 1107 1012 peditum
1120 926 1152 991 V

119 1019 231 1097 milia,
254 1019 394 1102 equitum
411 1018 464 1082 III
481 1019 566 1083 milia
584 1020 729 1084 omnibus
752 1019 962 1104 superioribus
985 1019 1074 1085 bellis
1096 1020 1151 1086 ha·

124 1112 242 1178 luerat
258 1123 290 1177 et
306 1135 414 1198 parem
429 1135 468 1176 ex
482 1110 586 1177 Gallia
598 1136 770 1189 numerum,
790 1136 883 1196 quam
896 1113 964 1198 ipse
977 1125 1149 1197 pacaverat,

133 1206 313 1271 nominatim
330 1228 371 1270 ex
384 1204 529 1271 omnibus
543 1206 720 1272 civitatibus
733 1206 927 1272 nobilissimo
940 1227 1064 1289 quoque
1077 1229 1150 1272 evo-

141 1310 219 1377 cato,
242 1300 304 1364 huc
326 1299 435 1384 optimi
456 1300 580 1385 generis
602 1300 763 1365 hominum
785 1323 824 1365 ex
841 1299 1009 1383 Aquitanis
1030 1310 1151 1365 monta·

146 1391 255 1476 uisque,
273 1393 328 1478 qui
347 1391 483 1458 Galliam
501 1394 691 1477 provinciam
711 1395 877 1479 attingunt,
896 1396 1044 1458 adiecerat
1046 1440 1149 1458 ......

152 1486 270 1551 audierat
286 1486 474 1571 Pompeium
491 1509 547 1571 per
564 1486 787 1552 Mauritaniam
804 1508 877 1552 cum
897 1485 1074 1572 legionibus
1091 1486 1150 1551 iter

155 1577 181 1641 in
193 1579 369 1665 Hispaniam
387 1580 489 1645 faeere
507 1581 734 1665 confestimque
756 1604 826 1646 esse
847 1590 1022 1646 venturum.
1057 1580 1150 1645 simul

157 1673 298 1739 atribunis
312 1674 445 1738 militum
459 1676 752 1760 centurionibusque
765 1686 889 1740 mutuas
903 1675 1052 1761 pecunias
1065 1696 1150 1739 sum-

159 1766 215 1847 psit3
235 1768 290 1832 has
313 1769 462 1832 exercitui
485 1769 651 1834 distribuit.
686 1792 749 1853 quo
771 1770 855 1834 sacto
873 1769 951 1834 duas
972 1790 1023 1833 res
1041 1789 1150 1833 conse·

160 1874 225 1924 entus
241 1871 301 1939 est,
328 1863 413 1944 quod
430 1863 560 1947 pignore
584 1864 703 1928 animos
727 1864 941 1928 centurionum
962 1862 1102 1930 devinxit
1119 1872 1150 1926 et

161 1947 293 2038 batione
309 1956 442 2019 militum
459 1956 634 2023 voluntates
647 1958 786 2022 redemit.
813 1956 932 2022 Fabius
949 1955 1149 2020 finitimarum
1166 1977 1200 2024 to

160 2043 290 2113 tuntum
312 2049 433 2114 animos
459 2050 569 2116 litteris
592 2051 770 2135 nuntiisque
796 2050 944 2116 tentabat.
984 2051 1017 2114 in
1040 2047 1149 2116 Sicore

160 2135 256 2207 lumine
272 2153 385 2228 pontes
402 2144 548 2209 effecerat
564 2144 642 2209 duos
661 2145 811 2210 distantes
830 2145 911 2212 inter
927 2165 962 2210 se
979 2143 1065 2209 milia
1076 2165 1149 2230 pas-

161 2252 226 2301 tuum
244 2235 323 2301 1111„
363 2237 412 2302 his
434 2238 581 2322 pontibus
603 2237 786 2324 pabulatum
808 2238 963 2316 mittebat,
989 2238 1074 2322 quod
1100 2261 1147 2317 ea,

159 2343 216 2407 quae
232 2331 307 2395 citra
328 2331 445 2395 flumen
465 2332 602 2409 fuerant,
630 2333 841 2417 superioribus
863 2331 975 2397 diebus
1003 2352 1148 2397 eonsum-

158 2433 242 2500 nera
276 2424 338 2489 hoc
354 2425 438 2489 idem
459 2425 525 2490 sere
548 2437 641 2509 atque
663 2427 772 2491 eadem
790 2427 830 2492 de
851 2449 947 2491 eausa
963 2425 1147 2511 Pompeiani

157 2517 282 2583 exercitus
300 2519 396 2582 duces
414 2518 584 2596 faciebant,
612 2520 781 2604 crebroque
798 2521 877 2584 inter
899 2542 934 2585 se
951 2518 1147 2603 equestribus

156 2609 253 2688 proeliis
274 2611 513 2677 contendebant.
556 2613 619 2678 huc
645 2636 716 2678 cum
743 2613 898 2677 cotidiana
923 2613 1147 2678 consuetudine

155 2718 314 2790 engressus
335 2705 570 2790 pabulatoribus
598 2707 755 2792 pracsidio
779 2707 897 2791 priores
924 2706 1063 2792 legiones
1084 2705 1147 2770 Fa-

154 2788 238 2864 bianae
254 2800 337 2864 duae
354 2800 470 2864 flumen
487 2801 680 2877 transissent,
698 2800 980 2886 impedimentaque
998 2807 1029 2863 et
1045 2799 1146 2864 omnis

153 2893 282 2972 equitatus
299 2904 491 2977 sequeretur,
510 2893 612 2960 subito
630 2894 662 2958 vi
680 2905 844 2958 ventorum
860 2903 892 2957 et
909 2914 1009 2977 aquae
1026 2892 1148 2978 magni-

152 2984 233 3051 atne
249 3010 329 3073 pons
351 2998 400 3052 est
421 2989 610 3074 interruptus
635 2988 803 3072 etreliqua
824 2987 990 3051 multitudo
1007 2986 1147 3071 equitum

151 3072 302 3146 interclusa
343 3103 406 3165 quo
428 3084 554 3169 cognito
576 3106 595 3147 a
615 3082 741 3147 Petreio
763 3093 794 3147 et
811 3080 945 3145 Afranio
971 3102 1011 3145 ex
1032 3102 1147 3166 aggere

151 3179 221 3256 *tque
232 3175 380 3253 cratibus,
394 3198 474 3260 quae
487 3177 614 3242 flumine
628 3177 816 3254 ferebantur,
832 3174 970 3240 celeriter
983 3198 1040 3240 suo
1052 3184 1146 3259 ponte

150 3261 293 3346 Afranius,
320 3291 414 3352 quem
436 3271 551 3356 oppido
577 3272 750 3354 castrisque
776 3270 976 3335 coniunctum
1000 3268 1145 3345 babebat,

149 3352 263 3445 legiones
281 3361 335 3427 III
352 3365 585 3448 equitatumque
602 3388 728 3430 omnem
746 3365 865 3429 traiecit
883 3363 1067 3447 duabusque
1084 3362 1147 3428 Fa·

151 3446 226 3522 bianis
239 3458 374 3522 occurrit
386 3458 571 3544 legionibus.
598 3460 687 3524 euius
702 3460 838 3523 adventu
853 3459 993 3522 nuntiato
1002 3458 1043 3521 L.
1052 3456 1147 3520 Plan-

152 3563 202 3626 tas,
217 3552 270 3635 qui
286 3550 463 3638 legionibus
480 3564 635 3638 praeerat,
654 3553 831 3617 necessaria
847 3575 881 3616 re
899 3561 1024 3616 coaetus
1042 3550 1146 3614 locum

151 3642 212 3725 epit
226 3647 416 3731 superiorem
434 3648 651 3730 diversamque
672 3647 771 3711 aciem
793 3647 826 3711 in
847 3646 926 3710 duas
947 3655 1053 3730 partes
1071 3663 1144 3707 con-

152 3732 234 3815 tituit,
252 3761 292 3804 ne
310 3739 351 3804 ab
369 3742 508 3824 equitatu
522 3741 737 3805 circumveniri
751 3750 867 3825 posset.
895 3740 939 3804 ita
956 3758 1145 3822 congressus

151 3820 236 3912 iupari
259 3855 390 3898 numero
415 3857 548 3920 magnos
575 3835 710 3919 impetus
740 3834 900 3919 legionum
927 3832 1144 3914 equitatusque

151 3923 266 3991 antiret.
302 3928 470 3993 commisso
492 3928 532 3993 ab
555 3928 710 4012 equitibus
734 3928 850 4012 proelio
873 3927 965 4012 signa
986 3924 1144 4010 legionum

149 4008 257 4083 duarum
273 4021 382 4106 procul
399 4021 439 4087 ab
456 4022 596 4105 utrisque
614 4022 856 4107 conspiciuntur,
875 4042 954 4103 quas
974 4017 1012 4083 C.
1025 4016 1144 4081 Fabius

148 4103 268 4178 alcior-e
285 4125 380 4200 ponte
397 4115 537 4181 subsidio
553 4116 668 4180 nostris
686 4115 813 4180 miserat
830 4114 1005 4199 suspicatus
1024 4112 1089 4176 fore
1102 4111 1143 4187 id,

145 4205 213 4283 quod
227 4209 352 4286 accidit,
378 4220 413 4273 ut
431 4211 525 4274 duces
548 4210 795 4274 adversariorum
817 4207 980 4273 occasione
1002 4218 1034 4272 et
1050 4205 1145 4271 bene·

143 4292 202 4362 ἥὼ
214 4299 354 4368 fortunae
372 4304 552 4369 adnostros
570 4304 790 4389 opprimendos
809 4312 977 4367 uterentur.
1013 4323 1144 4384 quarum

141 4389 261 4460 adventu
276 4398 431 4482 proelium
449 4398 614 4475 dirimitur,
641 4420 678 4463 ac
696 4421 770 4463 suas
788 4408 918 4479 uterque
940 4395 1078 4480 legiones
1096 4416 1144 4457 re-

140 4482 213 4552 ducit
228 4490 259 4554 in
276 4501 387 4556 castra.
415 4514 452 4556 eo
469 4491 564 4557 biduo
584 4491 702 4557 Caesar
719 4515 791 4557 cum
810 4489 964 4575 equitibus
977 4486 1142 4562 Deccc,
1161 4508 1191 4553 41

135 4598 206 4664 qnos
228 4583 286 4648 sibi
308 4586 462 4670 praesidio
484 4586 661 4670 reliquerat,
687 4586 720 4649 in
747 4579 847 4651 eastra
868 4584 1016 4670 pervenit.
1052 4603 1140 4667 pons,

924 4684 972 4736 13⁸
