2692 5206
453 813 570 871 count.
588 814 655 870 1111.
671 816 755 870 2-7.
1074 801 1115 866 57

93 936 310 1024 prohibebant
342 938 387 1003 illi
404 939 509 1004 omnia
526 939 654 1024 experti,
674 962 744 1003 cum
762 960 863 1022 neque
881 939 912 1003 vi
929 938 1115 1003 contendere

93 1043 222 1117 propter
237 1032 375 1119 inopiam
392 1034 520 1099 navium
541 1056 643 1117 neque
664 1033 745 1099 clam
768 1033 897 1098 transire
918 1043 1044 1119 propter
1062 1055 1115 1097 cu-

93 1126 214 1191 stodias
231 1125 450 1212 Menapiorum
468 1137 610 1213 possent,
636 1127 748 1191 reverti
766 1149 800 1191 se
817 1127 849 1190 in
868 1148 941 1191 suas
960 1128 1049 1192 sedes
1068 1149 1116 1190 re-

92 1219 267 1305 gionesque
290 1220 515 1286 simulaverunt
541 1232 571 1287 et
600 1220 693 1285 tridui
718 1222 802 1286 viam
828 1221 985 1307 progressi
1007 1244 1115 1287 rursus

93 1322 288 1378 reverterunt
304 1324 397 1398 atque
415 1315 500 1379 omni
517 1314 577 1380 hoc
591 1316 698 1380 itinere
710 1339 774 1381 una
786 1326 877 1380 nocte
890 1315 1029 1398 equitatu
1042 1338 1116 1380 con-

93 1407 178 1472 secto
195 1408 313 1472 inscios
334 1409 593 1494 inopinantesque
611 1409 777 1494 Menapios
801 1418 1035 1495 oppresserunt,
1061 1409 1115 1492 qui

93 1501 134 1566 de
153 1498 383 1567 Germanorum
405 1503 547 1569 discessu
568 1525 624 1589 per
646 1504 855 1588 exploratores
878 1502 1024 1568 certiores
1041 1502 1115 1567 sacti

94 1597 164 1662 sine
188 1606 276 1661 metu
300 1608 386 1662 trans
412 1598 559 1663 Rhenum
586 1599 618 1662 in
645 1621 719 1663 suos
749 1598 836 1663 vicos
863 1597 1114 1682 remigraverunt.
1139 1655 1141 1661 ,

92 1690 144 1755 his
170 1690 342 1756 interfectis
367 1691 562 1776 navibusque
593 1714 701 1757 eorum
731 1691 903 1778 occupatis,
935 1690 1116 1776 priusquam

93 1806 133 1849 ea
149 1805 223 1869 pars
240 1783 474 1871 Menapiorum,
501 1808 581 1870 quae
603 1787 680 1851 citra
701 1787 848 1852 Rhenum
870 1785 974 1870 quieta
995 1786 1028 1849 in
1051 1784 1116 1849 suis

93 1878 223 1944 sedibus
241 1890 317 1956 erat,
336 1880 447 1945 certior
462 1881 558 1958 fieret,
576 1882 693 1946 flumen
711 1882 898 1946 transierunt
911 1890 1005 1964 atque
1018 1881 1117 1943 omni-

92 1971 154 2038 bus
172 1993 281 2038 eorum
298 1974 447 2039 aedificiis
465 1975 625 2060 occupatis
643 1975 794 2059 reliquam
815 1984 935 2059 partem
953 1973 1063 2038 hiemis
1082 1995 1117 2038 se

93 2088 203 2131 comm
220 2066 319 2151 copiis
337 2066 488 2132 aluerunt.

156 2159 222 2224 His
247 2160 287 2225 de
312 2160 406 2226 rebus
434 2160 554 2227 Caesar
579 2162 690 2227 certior
715 2162 818 2227 sactus
845 2173 876 2226 et
907 2161 1150 2230 infirmitatem5

93 2251 260 2321 Gallorum
277 2254 404 2333 veritus,
422 2256 507 2339 quod
525 2268 598 2321 sunt
614 2256 648 2321 in
661 2256 798 2321 consiliis
812 2256 971 2341 capiendis
985 2255 1116 2321 mobiles

92 2359 124 2415 et
139 2349 233 2415 novis
249 2348 433 2434 plerumque
447 2349 540 2415 rebus
555 2350 689 2426 student,
708 2350 784 2415 nihil
798 2349 847 2414 his
861 2350 1117 2414 committendum

93 2442 294 2509 existimavit.
337 2454 386 2507 est
403 2444 485 2508 cuim
503 2444 563 2509 hoc
582 2441 721 2510 Gallicae
744 2444 991 2522 consuetudinis,
1019 2445 1064 2507 uti
1086 2454 1117 2508 et

92 2539 229 2604 viatores
248 2538 342 2603 etiam
359 2539 472 2605 invitos
491 2541 660 2605 consistere
678 2550 792 2626 cogant
810 2550 854 2616 et,
878 2540 962 2623 quod
984 2539 1117 2623 quisque

93 2655 202 2699 eorum
220 2634 261 2698 de
278 2656 402 2742 quaque
418 2657 452 2699 re
470 2636 602 2700 audierit
620 2645 673 2700 aut
691 2636 884 2720 cognoverit,
904 2643 1067 2717 quaerant,
1086 2643 1117 2697 ct

93 2738 283 2793 mercatores
305 2729 337 2792 iu
356 2729 477 2814 oppidis
495 2730 609 2817 vulgus
633 2730 853 2805 circumsistat,
880 2727 1056 2811 quibusque
1078 2750 1118 2791 ex

92 2821 276 2908 regionibus
294 2822 420 2887 veniant
437 2845 578 2908 quasque
600 2823 645 2888 ibi
668 2846 716 2888 res
740 2822 954 2908 cognoverint,
981 2844 1118 2906 pronun-

93 2918 170 2983 tiare
196 2928 321 3005 cogant.
369 2918 419 2983 his
445 2919 538 2984 rebus
565 2929 658 3003 atque
684 2917 894 2983 auditionibus
921 2916 1053 3002 permoti
1078 2916 1117 2979 dc

94 3012 225 3078 summis
244 3035 339 3098 saepe
352 3013 445 3078 rebus
460 3014 610 3078 consilia
601 3023 719 3090 meunt,
738 3035 870 3097 quorum
885 3034 938 3076 eos
953 3010 1117 3096 evestigio

92 3106 252 3190 poenitere
269 3127 398 3171 necesse
417 3117 478 3184 est,
497 3129 569 3171 cum
586 3108 711 3171 incertis
728 3106 904 3171 rumoribus
923 3105 1068 3181 serviant,
1087 3113 1118 3167 ct

92 3199 233 3285 plerique
251 3200 292 3264 ad
309 3201 501 3266 voluntatem
519 3224 627 3266 eorum
640 3202 712 3267 ficta
725 3201 941 3286 respondeant.
968 3222 1031 3284 qua
1044 3221 1118 3263 eon·
1136 3218 1151 3265 o

94 3293 260 3359 suetudine
286 3296 412 3380 cognita
438 3294 570 3373 Caesar,
598 3319 637 3360 nc
663 3296 798 3382 graviori
825 3294 907 3359 bello
934 3309 1116 3369 occurreret,

93 3387 256 3465 maturius,
275 3410 370 3472 quam
388 3401 560 3466 consuerat,
580 3391 621 3454 ad
638 3391 808 3454 exercitum
825 3389 1038 3474 proficiscitur.
1080 3410 1117 3452 eo

95 3502 167 3546 cnm
183 3481 337 3560 venisset,
356 3504 407 3560 ea,
425 3506 506 3567 quae
524 3484 591 3548 fore
610 3485 786 3570 suspicatus
804 3494 883 3561 crat,
902 3483 985 3547 faeta
1002 3505 1117 3568 cogno-

94 3575 152 3640 vit:
173 3577 290 3641 missas
308 3576 478 3663 legationes
497 3578 537 3643 ab
554 3579 710 3644 nonnullis
729 3576 905 3642 civitatibus
928 3578 968 3641 ad
986 3575 1117 3642 Germa-

93 3692 151 3736 nos
167 3671 379 3755 invitatosque
397 3695 461 3751 eos,
481 3675 526 3738 uti
539 3672 579 3738 ab
593 3674 705 3739 Rheno
719 3673 922 3751 discederent,
941 3672 1116 3753 omniaque,

94 3786 175 3849 quae
201 3765 427 3851 postulassent,
455 3767 495 3832 ab
522 3790 556 3832 se
582 3767 648 3833 sore
670 3778 786 3853 parata.
831 3789 893 3850 qua
915 3789 970 3851 spe
993 3764 1118 3829 adducti

95 3856 247 3924 Germani
264 3860 357 3925 latius
375 3861 571 3947 vagabantur
589 3873 619 3927 et
636 3863 669 3926 in
686 3863 763 3927 fines
781 3861 967 3926 Eburonum
985 3869 1016 3924 et
1035 3858 1118 3922 Con-

96 3953 276 4031 drusorum,
312 3954 366 4037 qui
393 3967 466 4020 sunt
493 3956 701 4022 Treverorum
728 3956 869 4033 clientes,
904 3964 1116 4042 pervenerant.

95 4046 288 4132 principibus
307 4045 429 4114 Galliae
447 4051 584 4116 evocatis
604 4050 791 4128 Caesarea,
818 4071 898 4133 quac
920 4057 1117 4136 cognoverat,

95 4139 322 4207 dissimrrlanda
343 4142 403 4207 sibi
425 4144 614 4210 existimavit
631 4166 801 4227 eorumque
823 4144 934 4208 animis
952 4142 1118 4228 permulsis

96 4248 126 4298 et
141 4234 333 4301 confirmatis
352 4237 552 4322 equitatuque
570 4239 721 4325 imperato
735 4237 851 4302 bellum
866 4259 937 4301 cum
952 4237 1117 4303 Germanis

95 4350 203 4413 gerere
221 4329 390 4394 constituit.
433 4353 467 4395 rc
485 4332 687 4398 frumentaria
704 4342 882 4416 comparata
900 4331 1117 4415 equitibusque
1138 4353 1150 4397 ι

95 4422 223 4489 delectis
241 4422 299 4489 iter
316 4424 349 4488 in
366 4447 404 4489 ea
420 4425 490 4490 loca
507 4425 610 4491 facere
628 4428 744 4512 coepit,
772 4425 885 4510 quibus
903 4427 935 4490 in
953 4426 1030 4492 locis
1049 4448 1118 4490 essc

96 4512 273 4583 Germanos
300 4518 457 4586 aucliebat.
506 4521 664 4605 aquibus
696 4544 767 4585 cum
798 4542 968 4604 paucorum
998 4520 1118 4583 dicrum

95 4608 152 4677 iter
177 4609 318 4691 abesset,
345 4611 440 4700 legati
466 4613 507 4680 ab
533 4614 582 4680 his
609 4624 774 4692 venerunt,
802 4635 934 4697 quorum
956 4613 1033 4679 haec
1059 4612 1118 4676 fuit
