2738 5272
268 806 332 873 276
608 815 661 870 DE
681 814 806 871 BELLO
825 813 944 873 ClVILl

217 963 250 1012 ss
270 941 402 1019 Caesar,
430 963 501 1005 cum
527 938 659 1024 Pompei
686 938 795 1004 castris
822 937 1114 1024 appropinquasset,
1142 936 1183 1002 ad
1208 936 1318 1005 hune.

267 1036 396 1101 modum
414 1034 513 1099 aciem
530 1033 597 1098 eius
611 1034 793 1098 instructam
806 1032 1032 1097 animadvertit.
1060 1044 1147 1098 erant
1164 1033 1196 1096 in
1215 1034 1295 1097 sini-

269 1141 333 1196 stro
351 1152 447 1194 cornu
464 1127 603 1214 legiones
621 1127 702 1191 duae
724 1127 855 1191 traditae
873 1150 892 1190 a
910 1125 1047 1191 Caesare
1064 1127 1152 1191 initio
1169 1127 1294 1192 dissen-

269 1225 366 1290 sionis
384 1246 423 1288 ex
442 1221 725 1299 senatusconsult03
744 1242 875 1305 quarum
890 1244 952 1285 una
963 1221 1073 1307 prima,
1092 1221 1190 1286 altera
1202 1223 1294 1286 tertia

267 1316 494 1404 appellabatur,
534 1317 566 1379 in
592 1338 630 1380 eo
656 1315 725 1380 loco
751 1315 819 1399 ipse
845 1325 911 1380 erat
932 1315 1112 1400 Pompeius.
1156 1315 1293 1379 mediam

267 1415 367 1478 aciem
386 1409 492 1496 Scipio
510 1433 582 1475 cum
599 1410 775 1496 legionibus
795 1407 933 1495 Syriacis
952 1409 1086 1474 tenebat.
1115 1408 1293 1474 Ciliciensis

267 1506 349 1592 legio
368 1505 533 1569 coniuncta
550 1525 622 1568 cum
640 1503 820 1569 cohortibus
838 1503 1006 1589 Hispanis,
1030 1526 1109 1587 quas
1132 1504 1293 1568 traductas

267 1599 308 1665 ab
330 1597 463 1664 Afranio
485 1598 663 1676 docuimus,
689 1599 722 1661 in
748 1598 858 1663 dextro
884 1619 980 1661 eomu
1003 1609 1090 1662 erant
1112 1598 1292 1662 collocatae.

267 1692 325 1757 has
342 1692 537 1757 firmissimas
556 1714 590 1756 se
607 1691 722 1757 habere
735 1690 905 1776 Pompeius
924 1690 1130 1757 existimabat
1156 1691 1293 1775 reliquas

267 1787 348 1850 inter
377 1785 475 1850 aciem
505 1786 639 1850 mediam
671 1807 848 1869 cornuaque
878 1786 1072 1850 interiecerat
1101 1807 1294 1868 numeroque

268 1879 410 1944 cohortes
430 1878 494 1944 CX
513 1879 700 1965 expleverat.
736 1879 814 1943 haec
836 1890 924 1943 erant
946 1879 1031 1942 milia
1047 1877 1158 1955 XLV,
1181 1901 1294 1943 evoca-

268 1984 370 2038 torum
388 1973 508 2038 circiter
525 1973 597 2052 duo,
615 1995 697 2057 quae
715 1995 754 2037 ex
772 1972 976 2038 beneficiariis
995 1973 1189 2058 superiorum
1204 1995 1293 2037 exer-

268 2068 386 2131 cituum
409 2067 450 2131 ad
472 2088 543 2131 eum
566 2077 788 2144 convenerant;
815 2089 896 2150 quae
918 2076 983 2131 tota
1005 2067 1071 2130 acie
1092 2066 1292 2150 disperserat

267 2161 403 2245 reliquas
430 2160 565 2225 cohortis
591 2160 657 2226 VII
683 2161 717 2224 in
742 2162 851 2226 eastris
882 2160 1125 2245 propinquisque
1156 2159 1293 2225 castellis

269 2254 425 2339 praesidio
443 2254 648 2339 disposuerat.
685 2255 830 2318 dextrum
852 2277 949 2318 comu
971 2255 1039 2319 cius
1057 2255 1142 2319 rivus
1164 2254 1293 2338 quidam

268 2347 425 2432 impeditis
443 2348 518 2432 ripis
536 2347 709 2426 muniebat3
729 2371 823 2432 quam
840 2348 882 2413 ob
899 2370 1027 2413 causam
1041 2359 1186 2412 cunctum
1205 2348 1294 2432 equi-

269 2450 382 2518 tatum,
402 2441 578 2526 sagittarios
597 2442 833 2526 funditoresque
851 2464 959 2506 omnes
979 2442 1105 2506 sinistro
1123 2463 1219 2506 cornu
1237 2441 1294 2506 ob-

217 2556 249 2604 89
267 2535 390 2601 iecerat.
428 2533 547 2600 Caesar
569 2536 712 2621 superius
734 2536 911 2600 institutum
933 2557 1060 2600 servans
1078 2535 1116 2600 X
1136 2535 1294 2621 legionem

268 2629 300 2693 in
318 2629 427 2693 dextro
445 2651 555 2707 romu,
582 2653 698 2694 nonam
720 2630 752 2694 in
775 2630 900 2694 sinistro
923 2629 1140 2706 collocaverat,
1169 2629 1293 2692 tametsi

269 2732 334 2788 erat
350 2722 578 2808 Dyrrhachinis
600 2724 725 2809 proeliis
748 2723 947 2788 vehementer
968 2732 1139 2800 attenuata,
1166 2732 1197 2786 et
1218 2722 1294 2786 huic

269 2817 314 2883 sic
331 2818 472 2882 adiunxit
490 2827 645 2896 octavam,
664 2829 698 2882 ut
715 2840 814 2903 paene
832 2841 927 2882 unam
945 2839 984 2881 cx
1001 2816 1123 2881 duabus
1142 2815 1291 2892 efficeret,

269 2921 361 2995 atque
383 2911 512 2976 alteram
534 2912 622 2977 alteri
644 2912 800 2998 praesidio
813 2934 892 2999 esse
916 2912 1059 2975 iusserat
1100 2910 1241 2975 cohortes
1259 2910 1293 2973 in

268 3006 334 3070 acie
356 3005 493 3071 LXXV
515 3007 698 3071 constitutas
721 3005 870 3082 habebat,
897 3028 980 3089 quae
1003 3029 1126 3070 summa
1147 3017 1212 3069 erat
1234 3007 1295 3069 mi-

267 3098 345 3161 lium
357 3097 480 3176 XXII3
499 3098 641 3163 cohortes
659 3099 695 3163 11
712 3101 822 3164 castris
840 3100 995 3185 praesidio
1012 3099 1188 3182 reliquerat
1218 3099 1294 3164 sini-

268 3202 332 3255 stro
351 3213 447 3255 cornu
464 3190 653 3270 Antonium,
676 3192 786 3258 dextro
803 3192 841 3258 P.
862 3192 997 3270 Sullam,
1020 3193 1124 3258 media
1145 3193 1211 3257 acic
1231 3192 1292 3258 Cn.

267 3282 443 3347 Domitium
460 3296 692 3370 praeposuerat.
727 3286 795 3370 ipsc
814 3297 920 3366 contra
939 3286 1125 3372 Pompeium
1143 3287 1293 3351 constitit.

268 3377 361 3442 simul
395 3377 444 3443 bis
480 3379 574 3445 rebus
609 3380 848 3458 animadversis,
885 3403 964 3464 quas
999 3381 1293 3457 demonstravimus,

267 3471 394 3551 timens,
417 3496 456 3537 ne
474 3497 493 3538 a
510 3473 708 3539 multitudine
727 3475 864 3557 equitum
884 3476 1027 3539 dextrum
1045 3498 1143 3540 comu
1160 3475 1294 3539 circum-

266 3565 435 3644 veniretur,
462 3567 602 3632 celeriter
628 3590 668 3632 ex
690 3568 780 3632 tertia
805 3569 872 3633 acie
903 3568 1042 3655 singulas
1069 3569 1212 3634 cohortes
1240 3569 1295 3632 de-

266 3661 359 3725 traxit
377 3670 469 3744 ntque
487 3684 526 3725 ex
543 3660 593 3726 his
611 3671 753 3745 quartam
771 3662 903 3727 instituit
921 3662 1132 3747 equitatuique
1147 3662 1294 3747 opposuit

267 3767 307 3834 et,
325 3757 402 3841 quid
418 3757 485 3822 fieri
502 3757 605 3835 vellet,
623 3758 760 3822 ostendit
776 3759 957 3841 monuitque
976 3758 1043 3822 cius
1057 3757 1118 3821 diei
1133 3757 1295 3821 victoriam

266 3851 299 3915 in
321 3873 427 3915 carum
449 3850 624 3916 cohortium
644 3851 758 3915 virtute
781 3862 932 3915 constare.
969 3850 1062 3915 simul
1084 3851 1192 3915 tertiae
1214 3849 1295 3914 aciei

267 3944 385 4028 totique
407 3945 555 4009 exercitui
578 3945 755 4030 imperavit,
783 3966 822 4008 ne
849 3945 970 4009 iniussu
997 3966 1055 4008 suo
1081 3953 1292 4030 concurreret:

216 4055 249 4104 so
267 4059 311 4114 se,
330 4059 402 4102 eum
419 4037 452 4102 id
469 4037 536 4102 lieri
549 4038 652 4115 vellet,
669 4037 785 4102 vexillo
799 4038 925 4122 signum
940 4038 1093 4101 daturum.
1121 4037 1294 4101 exercitum

266 4153 338 4195 cum
355 4132 480 4196 militari
498 4154 583 4197 more
602 4132 642 4197 ad
659 4154 798 4218 pugnam
816 4131 1029 4196 cohortaretur
1042 4153 1161 4215 suaque
1175 4131 1208 4194 in
1220 4152 1294 4194 eum

266 4226 407 4308 perpetui
425 4226 572 4310 temporis
590 4225 695 4291 officia
711 4225 912 4311 praedicaret,
931 4225 1082 4311 imprimis
1101 4246 1292 4289 commemo·

266 4318 359 4380 ravit:
379 4318 510 4384 testibus
529 4342 563 4385 se
581 4319 730 4385 militibus
748 4321 795 4385 uti
811 4342 915 4405 posse,
934 4331 1050 4403 quanto
1064 4320 1168 4386 studio
1181 4341 1293 4406 pacem

266 4409 410 4494 petisset3
428 4434 509 4496 quae
527 4436 583 4499 per
596 4413 757 4478 Vatinium
770 4414 802 4478 iu
817 4414 990 4497 colloquiis,
1009 4436 1089 4498 quae
1101 4435 1159 4499 per
1171 4413 1293 4477 Aulum

268 4502 414 4568 Clodium
432 4526 503 4570 cum
523 4505 670 4593 Scipione
688 4508 819 4594 egisset,
843 4507 957 4592 quibus
980 4508 1081 4573 modis
1099 4508 1141 4573 ad
1159 4505 1293 4573 Oricum
