2692 5206
491 787 608 842 oouu.
627 789 649 843 1.
668 789 760 843 9—13.
1073 775 1135 840 183

134 901 256 974 Caesare
273 908 418 995 Capuam
438 912 578 995 pervenit
599 910 704 994 ibique
726 912 870 976 consules
888 911 1135 997 Pompeiumque

141 999 249 1067 invenit:
273 1003 432 1088 postulata
458 1003 603 1070 Caesaris
630 1006 793 1069 renuntiat.
837 1005 882 1069 illi
908 1005 1077 1071 deliberato
1101 1027 1135 1071 re

147 1097 304 1177 respondent
323 1097 498 1182 scriptaque
516 1099 641 1162 adeum
654 1098 800 1162 mandata
811 1099 985 1176 remittunt3
1003 1120 1136 1182 quorum

150 1185 208 1252 haee
217 1202 272 1256 erat
284 1213 421 1256 summa:
442 1190 560 1255 Caesar
572 1192 604 1254 in
615 1189 749 1258 Galliam
762 1203 974 1268 reverteretur,
993 1193 1135 1257 Arimino

152 1285 288 1363 aedem,
307 1285 651 1363 exercitusdimitterct3
670 1309 751 1369 quae
761 1287 788 1351 si
797 1287 932 1363 fecisset,
950 1286 1136 1372 Pompeium

153 1373 337 1464 inllispanias
356 1379 480 1442 iturum.
507 1380 633 1456 interea,
652 1380 756 1462 quoad
773 1379 851 1445 fides
869 1388 952 1444 esset
969 1379 1043 1443 data
1056 1378 1137 1444 Cae-

154 1490 225 1534 sarem
240 1472 402 1548 sacturum,
421 1494 500 1556 quac
517 1471 723 1557 polliceretur,
742 1496 804 1538 nou
821 1471 1050 1536 intermissuros
1064 1493 1138 1536 corr·

153 1562 212 1628 sulas
226 1564 468 1650 Pompeiumque
487 1567 635 1632 delectus.
667 1579 732 1631 erat
749 1567 856 1650 iniqua
873 1567 1013 1631 condicio
1031 1576 1139 1652 postu-
1158 1589 1185 1634 11
1256 1636 1259 1642 ,

152 1653 206 1734 lara,
226 1670 255 1723 ut
278 1659 398 1725 Caesar
418 1659 561 1724 Arimino
587 1661 750 1724 excederet
775 1670 868 1743 atque
893 1661 926 1724 in
946 1660 1138 1745 provinciam

152 1762 329 1831 eraderetur,
348 1753 453 1838 ipsum
466 1764 497 1817 et
509 1754 685 1838 provincias
696 1764 726 1816 et
739 1752 879 1839 legiones
892 1753 1009 1818 alienas
1019 1763 1137 1830 tenere3

152 1846 286 1910 exercitum
301 1845 447 1911 Caesaris
465 1846 544 1910 velle
562 1847 684 1923 dimitti,
703 1846 840 1911 delectus
853 1846 982 1925 habere3
1000 1846 1139 1932 polliceri

152 1958 176 1999 se
187 1939 211 2003 ir
223 1942 409 2026 provinciam
427 1943 541 2005 iturum
555 1964 666 2024 neque,
685 1951 757 2006 ante
771 1964 863 2025 quem
878 1942 961 2006 diem
974 1941 1074 2007 iturus
1087 1943 1137 2019 sit,

153 2029 259 2112 delnioe,
281 2046 330 2113 ut,
354 2036 381 2100 si
403 2045 528 2120 peracto
550 2036 679 2100 consilio
699 2033 875 2121 [Caesaris]
894 2058 957 2100 non
978 2035 1138 2121 profectus

153 2138 217 2206 eset,
232 2129 314 2194 nulla
331 2140 435 2193 tamen
453 2131 606 2194 mendacii
623 2130 770 2216 religione
789 2129 954 2195 obstrictus
968 2131 1137 2197 videretur:

153 2230 243 2307 tenpus
259 2246 333 2288 vero
351 2224 504 2307 colloquio
526 2248 590 2289 non
612 2225 686 2289 dare
707 2247 809 2309 neque
826 2247 1026 2290 accessurum
1047 2224 1138 2309 polli-

154 2314 195 2377 oeri
213 2339 353 2403 magnam
379 2318 465 2401 pacis
492 2318 739 2403 desperationem
765 2318 923 2384 afferebat.
967 2319 1071 2402 itaque
1098 2317 1138 2382 ab

153 2403 261 2477 liano
274 2411 322 2476 M.
331 2411 505 2477 Antonium
523 2434 596 2476 cum
614 2413 791 2477 cohortibus
809 2413 841 2477 V
852 2412 1012 2477 Arretium
1030 2412 1138 2489 mittit;

153 2496 199 2582 lpse
207 2503 334 2570 Arimini
351 2528 423 2570 cum
441 2505 562 2570 duabus
581 2506 723 2571 subsistit
740 2507 844 2591 ibique
858 2507 1012 2570 delectum
1024 2505 1140 2570 habere

154 2590 263 2678 isurun
281 2600 459 2677 Pisaurum,
477 2601 609 2677 Fanum,
628 2601 792 2666 Anconam
812 2600 942 2686 singulis
960 2599 1138 2664 cohortibus

154 2705 259 2776 occupat.
294 2694 413 2758 interea
434 2694 544 2758 certior
566 2695 668 2758 sactus
690 2695 838 2780 Iguvium
856 2694 1028 2757 Thermum
1050 2715 1138 2777 prae·
1160 2714 1188 2758 12

154 2784 223 2849 loram
237 2787 414 2853 cohortibus
432 2787 464 2853 V
481 2800 600 2866 tenere,
619 2788 768 2873 oppidum
786 2787 920 2863 munire,
939 2786 1139 2868 omniumque

154 2890 201 2940 esse
213 2879 411 2966 Iguvinorum
429 2882 577 2967 optimam
597 2905 672 2967 erga
690 2904 723 2945 se
741 2881 946 2956 voluntatem,
971 2879 1140 2944 Curionem

154 2984 201 3035 cun
214 2974 307 3040 tribus
325 2975 519 3053 cohortibus,
547 2998 625 3059 quas
643 2975 768 3039 Pisauri
790 2985 821 3038 et
837 2973 973 3038 Arimini
994 2970 1139 3049 habebat,

153 3059 224 3131 utta
257 3068 347 3132 euius
365 3070 501 3133 adventu
519 3069 644 3154 cognito
665 3068 788 3133 diffisus
810 3066 971 3151 municipii
988 3065 1140 3130 voluntati

153 3147 274 3226 Thermus
293 3162 435 3227 cohortes
454 3185 493 3226 ex
511 3162 588 3228 urbe
605 3163 724 3227 reducit
742 3174 773 3226 et
794 3161 941 3246 profugit.
976 3159 1090 3224 milites
1108 3160 1141 3223 in

151 3242 229 3319 linere
256 3256 297 3321 ab
324 3278 362 3321 eo
388 3257 552 3321 discedunt
577 3278 615 3321 ac
639 3257 767 3321 domum
792 3265 997 3319 revertuntur.
1043 3252 1140 3318 Curio

150 3358 243 3414 Summa
258 3350 398 3415 omnium
416 3350 575 3415 voluntate
592 3350 741 3435 Iguvium
759 3350 877 3435 recipit.
914 3348 1029 3432 quibus
1047 3346 1140 3412 rebus

149 3442 252 3524 maius
279 3443 415 3508 confisus
443 3445 680 3529 municipiorum
706 3443 918 3508 voluntatibus
946 3441 1064 3507 Caesar
1090 3463 1142 3504 co-

147 3524 225 3601 lones
245 3537 378 3623 legionis
401 3538 491 3602 XIH
513 3561 552 3602 ex
574 3539 737 3623 praesidiis
759 3538 885 3602 deducit
906 3537 1142 3617 Auximumque

145 3628 339 3709 Pmficiseitur3
361 3633 445 3714 quod
463 3632 613 3717 oppidum
630 3631 738 3696 Attius
761 3630 940 3696 cohortibus
959 3628 1142 3693 introductis

145 3723 245 3789 tenebat
261 3724 479 3809 delectumque
498 3736 562 3790 toto
575 3726 693 3790 Piceno
707 3724 929 3789 circummissis
949 3720 1142 3787 senatoribus

141 3807 264 3883 latebat.
301 3817 438 3883 adventu
452 3817 598 3884 Caesaris
617 3819 742 3905 cognito
760 3818 942 3884 decuriones
955 3814 1086 3880 Auximi
1103 3814 1143 3877 ad
1164 3838 1194 3884 13

140 3904 245 3975 Attum
261 3909 384 3976 Varum
402 3912 579 3996 frequentes
602 3913 803 3977 conveniunt:
831 3912 944 3976 doccnt
965 3909 1014 3973 sui
1037 3907 1144 3972 iudicii

137 4022 189 4069 rem
211 4028 276 4071 non
297 4028 382 4082 esse;
409 4029 511 4090 neque
534 4030 567 4072 se
590 4029 692 4091 neque
717 4007 853 4091 reliquos
880 4004 1053 4087 municipes
1078 4001 1144 4087 pati

135 4116 214 4180 posse
233 4099 271 4165 C.
288 4099 459 4166 Caesarem
476 4102 704 4186 imperatorem,
724 4102 802 4167 bene
821 4103 860 4167 de
877 4099 1036 4186 republica
1053 4098 1145 4162 meri-

133 4200 203 4271 tum,
229 4195 324 4259 tantis
347 4195 441 4262 rebus
462 4198 560 4282 gestis
582 4197 697 4283 oppido
723 4197 948 4279 moenibusque
973 4193 1143 4280 prohiberi:

129 4287 251 4370 proinde
274 4287 389 4354 habeat
410 4291 574 4367 rationem,
601 4292 677 4354 dum
697 4300 836 4376 potestas
859 4290 912 4366 sit,
939 4287 1067 4373 periculi
1085 4288 1143 4351 sui.

127 4400 256 4464 quorum
273 4383 411 4449 oratione
428 4396 588 4469 permotus
606 4384 709 4450 Varus
727 4384 930 4470 praesidium,
949 4382 1034 4466 quod
1051 4382 1145 4445 intre-

125 4473 264 4553 duxcrat,
283 4499 323 4540 ex
341 4478 455 4562 oppido
469 4479 573 4543 educit
586 4503 622 4543 ac
640 4480 786 4564 profugit.
822 4478 905 4542 hunc
924 4500 962 4541 ex
980 4475 1080 4560 primo
1096 4497 1146 4538 or-

122 4568 194 4634 dine
209 4571 303 4656 pauci
320 4570 464 4637 Caesaris
479 4575 638 4638 consecuti
650 4575 764 4640 milites
782 4573 951 4639 consistere
965 4573 1142 4656 coegerunt.
