<?xml version="1.0" encoding="UTF-8"?>
<!DOCTYPE html PUBLIC "-//W3C//DTD XHTML 1.0 Transitional//EN"
    "http://www.w3.org/TR/xhtml1/DTD/xhtml1-transitional.dtd">
<html xmlns="http://www.w3.org/1999/xhtml" xml:lang="en" lang="en">
 <head>
  <title>
</title>
<meta http-equiv="Content-Type" content="text/html;charset=utf-8" />
  <meta name='ocr-system' content='tesseract 3.04.00' />
  <meta name='ocr-capabilities' content='ocr_page ocr_carea ocr_par ocr_line ocrx_word'/>
</head>
<body>
  <div class='ocr_page' id='page_1' title='image "./ciuliicaesarisc03krangoog_0379.png"; bbox 0 0 2692 5206; ppageno 0'>
   <div class='ocr_carea' id='block_1_1' title="bbox 452 750 1098 825">
    <p class='ocr_par' dir='ltr' id='par_1_1' title="bbox 452 750 1098 825">
     <span class='ocr_line' id='line_1_1' title="bbox 452 750 1098 825; baseline -0.014 -2"><span class='ocrx_word' id='word_1_1' title='bbox 452 767 581 825; x_wconf 72' lang='lat' dir='ltr'><strong>CAPCT</strong></span> <span class='ocrx_word' id='word_1_2' title='bbox 597 766 717 820; x_wconf 56' lang='lat' dir='ltr'><strong>art-at.</strong></span> <span class='ocrx_word' id='word_1_3' title='bbox 1034 750 1098 815; x_wconf 73' lang='lat'><strong>301</strong></span> 
     </span>
    </p>
   </div>
   <div class='ocr_carea' id='block_1_2' title="bbox 106 887 1158 4701">
    <p class='ocr_par' dir='ltr' id='par_1_2' title="bbox 106 887 1158 4701">
     <span class='ocr_line' id='line_1_2' title="bbox 112 887 1101 978; baseline -0.009 -19"><span class='ocrx_word' id='word_1_4' title='bbox 112 888 238 972; x_wconf 66' lang='lat' dir='ltr'><strong>disposuit</strong></span> <span class='ocrx_word' id='word_1_5' title='bbox 261 894 396 978; x_wconf 79' lang='lat' dir='ltr'>equites,</span> <span class='ocrx_word' id='word_1_6' title='bbox 422 913 569 977; x_wconf 82' lang='lat' dir='ltr'><strong>magnam</strong></span> <span class='ocrx_word' id='word_1_7' title='bbox 593 906 699 952; x_wconf 83' lang='lat' dir='ltr'><strong>autem</strong></span> <span class='ocrx_word' id='word_1_8' title='bbox 724 887 953 951; x_wconf 74' lang='lat' dir='ltr'>multitudinem</span> <span class='ocrx_word' id='word_1_9' title='bbox 977 887 1101 972; x_wconf 82' lang='lat' dir='ltr'><strong>pecoris</strong></span> 
     </span>
     <span class='ocr_line' id='line_1_3' title="bbox 114 981 1101 1070; baseline -0.003 -22"><span class='ocrx_word' id='word_1_10' title='bbox 114 983 175 1048; x_wconf 82' lang='lat' dir='ltr'><strong>iutra</strong></span> <span class='ocrx_word' id='word_1_11' title='bbox 190 1010 235 1052; x_wconf 89' lang='lat' dir='ltr'><strong>eas</strong></span> <span class='ocrx_word' id='word_1_12' title='bbox 250 989 358 1052; x_wconf 82' lang='lat' dir='ltr'><strong>fauces</strong></span> <span class='ocrx_word' id='word_1_13' title='bbox 374 986 520 1070; x_wconf 82' lang='lat' dir='ltr'><strong>dissipari</strong></span> <span class='ocrx_word' id='word_1_14' title='bbox 539 984 630 1047; x_wconf 80' lang='lat' dir='ltr'><strong>iussit</strong></span> <span class='ocrx_word' id='word_1_15' title='bbox 651 1004 853 1067; x_wconf 80' lang='lat' dir='ltr'><strong>paganosque</strong></span> <span class='ocrx_word' id='word_1_16' title='bbox 874 1002 905 1045; x_wconf 91' lang='lat' dir='ltr'><strong>et</strong></span> <span class='ocrx_word' id='word_1_17' title='bbox 927 981 1101 1066; x_wconf 74' lang='lat' dir='ltr'><strong>oppidanos</strong></span> 
     </span>
     <span class='ocr_line' id='line_1_4' title="bbox 115 1075 1102 1153; baseline 0.001 -14"><span class='ocrx_word' id='word_1_18' title='bbox 115 1077 191 1145; x_wconf 89' lang='lat' dir='ltr'><strong>inbis</strong></span> <span class='ocrx_word' id='word_1_19' title='bbox 204 1083 275 1147; x_wconf 89' lang='lat' dir='ltr'><strong>locis</strong></span> <span class='ocrx_word' id='word_1_20' title='bbox 292 1081 465 1146; x_wconf 77' lang='lat' dir='ltr'><strong>obversari:</strong></span> <span class='ocrx_word' id='word_1_21' title='bbox 492 1092 541 1153; x_wconf 92' lang='lat' dir='ltr'><strong>ut,</strong></span> <span class='ocrx_word' id='word_1_22' title='bbox 567 1079 634 1142; x_wconf 77' lang='lat' dir='ltr'><strong>sire</strong></span> <span class='ocrx_word' id='word_1_23' title='bbox 655 1077 774 1140; x_wconf 87' lang='lat' dir='ltr'><strong>amicus</strong></span> <span class='ocrx_word' id='word_1_24' title='bbox 791 1075 952 1140; x_wconf 90' lang='lat' dir='ltr'><strong>Domitius</strong></span> <span class='ocrx_word' id='word_1_25' title='bbox 974 1100 1028 1140; x_wconf 89' lang='lat' dir='ltr'><strong>eas</strong></span> <span class='ocrx_word' id='word_1_26' title='bbox 1044 1100 1102 1140; x_wconf 85' lang='lat' dir='ltr'><strong>an·</strong></span> 
     </span>
     <span class='ocr_line' id='line_1_5' title="bbox 116 1170 1101 1256; baseline -0.009 -15"><span class='ocrx_word' id='word_1_27' title='bbox 116 1174 208 1256; x_wconf 78' lang='lat' dir='ltr'><strong>gutia</strong></span> <span class='ocrx_word' id='word_1_28' title='bbox 219 1176 368 1251; x_wconf 78' lang='lat' dir='ltr'>transiret,</span> <span class='ocrx_word' id='word_1_29' title='bbox 383 1175 458 1238; x_wconf 84' lang='lat' dir='ltr'><strong>nihil</strong></span> <span class='ocrx_word' id='word_1_30' title='bbox 471 1175 511 1237; x_wconf 96' lang='lat' dir='ltr'><strong>de</strong></span> <span class='ocrx_word' id='word_1_31' title='bbox 520 1172 640 1236; x_wconf 83' lang='lat' dir='ltr'><strong>insidiis</strong></span> <span class='ocrx_word' id='word_1_32' title='bbox 653 1171 871 1255; x_wconf 83' lang='lat' dir='ltr'><strong>suspicaretur,</strong></span> <span class='ocrx_word' id='word_1_33' title='bbox 885 1193 957 1234; x_wconf 92' lang='lat' dir='ltr'><strong>cum</strong></span> <span class='ocrx_word' id='word_1_34' title='bbox 970 1171 1005 1234; x_wconf 92' lang='lat' dir='ltr'><strong>in</strong></span> <span class='ocrx_word' id='word_1_35' title='bbox 1016 1170 1101 1256; x_wconf 82' lang='lat' dir='ltr'><strong>agris</strong></span> 
     </span>
     <span class='ocr_line' id='line_1_6' title="bbox 115 1264 1103 1351; baseline 0.001 -24"><span class='ocrx_word' id='word_1_36' title='bbox 115 1276 138 1328; x_wconf 90' lang='lat' dir='ltr'><strong>ct</strong></span> <span class='ocrx_word' id='word_1_37' title='bbox 149 1287 243 1351; x_wconf 87' lang='lat' dir='ltr'><strong>pecora</strong></span> <span class='ocrx_word' id='word_1_38' title='bbox 255 1284 286 1333; x_wconf 93' lang='lat' dir='ltr'><strong>et</strong></span> <span class='ocrx_word' id='word_1_39' title='bbox 299 1269 440 1332; x_wconf 88' lang='lat' dir='ltr'><strong>homines</strong></span> <span class='ocrx_word' id='word_1_40' title='bbox 454 1267 711 1330; x_wconf 76' lang='lat' dir='ltr'><strong>animadverteret</strong></span> <span class='ocrx_word' id='word_1_41' title='bbox 725 1265 840 1327; x_wconf 72' lang='lat' dir='ltr'><strong>versari</strong></span> <span class='ocrx_word' id='word_1_42' title='bbox 853 1286 1012 1348; x_wconf 85' lang='lat' dir='ltr'><strong>tamqnam</strong></span> <span class='ocrx_word' id='word_1_43' title='bbox 1024 1264 1103 1328; x_wconf 78' lang='lat' dir='ltr'><strong>ami-</strong></span> 
     </span>
     <span class='ocr_line' id='line_1_7' title="bbox 115 1357 1103 1442; baseline -0.005 -16"><span class='ocrx_word' id='word_1_44' title='bbox 115 1378 195 1426; x_wconf 74' lang='lat' dir='ltr'><strong>corum</strong></span> <span class='ocrx_word' id='word_1_45' title='bbox 210 1363 357 1438; x_wconf 82' lang='lat' dir='ltr'><strong>adrentu;</strong></span> <span class='ocrx_word' id='word_1_46' title='bbox 384 1363 450 1425; x_wconf 79' lang='lat' dir='ltr'><strong>sire</strong></span> <span class='ocrx_word' id='word_1_47' title='bbox 467 1380 501 1423; x_wconf 93' lang='lat' dir='ltr'><strong>nt</strong></span> <span class='ocrx_word' id='word_1_48' title='bbox 518 1361 551 1423; x_wconf 91' lang='lat' dir='ltr'><strong>in</strong></span> <span class='ocrx_word' id='word_1_49' title='bbox 568 1360 705 1423; x_wconf 89' lang='lat' dir='ltr'><strong>bostium</strong></span> <span class='ocrx_word' id='word_1_50' title='bbox 727 1358 805 1421; x_wconf 88' lang='lat' dir='ltr'><strong>lines</strong></span> <span class='ocrx_word' id='word_1_51' title='bbox 826 1359 960 1434; x_wconf 81' lang='lat' dir='ltr'><strong>reniret,</strong></span> <span class='ocrx_word' id='word_1_52' title='bbox 985 1357 1103 1442; x_wconf 77' lang='lat' dir='ltr'><strong>praeda</strong></span> 
     </span>
     <span class='ocr_line' id='line_1_8' title="bbox 115 1450 1102 1539; baseline -0.003 -23"><span class='ocrx_word' id='word_1_53' title='bbox 115 1450 256 1539; x_wconf 84' lang='lat' dir='ltr'><strong>diripienda</strong></span> <span class='ocrx_word' id='word_1_54' title='bbox 282 1456 394 1519; x_wconf 83' lang='lat' dir='ltr'>milites</span> <span class='ocrx_word' id='word_1_55' title='bbox 423 1454 648 1539; x_wconf 82' lang='lat' dir='ltr'><strong>dissiparentur</strong></span> <span class='ocrx_word' id='word_1_56' title='bbox 672 1451 865 1536; x_wconf 65' lang='lat' dir='ltr'><strong>dapemque</strong></span> <span class='ocrx_word' id='word_1_57' title='bbox 890 1453 1102 1516; x_wconf 74' lang='lat' dir='ltr'><strong>caederentur.</strong></span> 
     </span>
     <span class='ocr_line' id='line_1_9' title="bbox 115 1542 1152 1630; baseline -0.006 -17"><span class='ocrx_word' id='word_1_58' title='bbox 115 1542 172 1612; x_wconf 77' lang='lat' dir='ltr'><strong>base</strong></span> <span class='ocrx_word' id='word_1_59' title='bbox 193 1572 260 1613; x_wconf 84' lang='lat' dir='ltr'><strong>omn</strong></span> <span class='ocrx_word' id='word_1_60' title='bbox 287 1549 526 1623; x_wconf 75' lang='lat' dir='ltr'><strong>administraret,</strong></span> <span class='ocrx_word' id='word_1_61' title='bbox 557 1569 728 1630; x_wconf 76' lang='lat' dir='ltr'><strong>numquam</strong></span> <span class='ocrx_word' id='word_1_62' title='bbox 753 1564 856 1610; x_wconf 84' lang='lat' dir='ltr'><strong>tamen</strong></span> <span class='ocrx_word' id='word_1_63' title='bbox 882 1544 1104 1610; x_wconf 83' lang='lat' dir='ltr'><strong>intermittebat</strong></span> <span class='ocrx_word' id='word_1_64' title='bbox 1120 1562 1152 1609; x_wconf 76' lang='lat' dir='ltr'><strong>st</strong></span> 
     </span>
     <span class='ocr_line' id='line_1_10' title="bbox 114 1635 1104 1728; baseline -0.006 -19"><span class='ocrx_word' id='word_1_65' title='bbox 114 1635 208 1725; x_wconf 65' lang='lat' dir='ltr'><strong>legatos</strong></span> <span class='ocrx_word' id='word_1_66' title='bbox 223 1645 261 1708; x_wconf 91' lang='lat' dir='ltr'><strong>de</strong></span> <span class='ocrx_word' id='word_1_67' title='bbox 280 1666 356 1728; x_wconf 90' lang='lat' dir='ltr'><strong>pace</strong></span> <span class='ocrx_word' id='word_1_68' title='bbox 373 1662 465 1726; x_wconf 88' lang='lat' dir='ltr'><strong>atque</strong></span> <span class='ocrx_word' id='word_1_69' title='bbox 483 1643 618 1706; x_wconf 85' lang='lat' dir='ltr'><strong>amicitia</strong></span> <span class='ocrx_word' id='word_1_70' title='bbox 634 1643 756 1704; x_wconf 88' lang='lat' dir='ltr'><strong>mittere</strong></span> <span class='ocrx_word' id='word_1_71' title='bbox 772 1640 813 1704; x_wconf 82' lang='lat' dir='ltr'><strong>nd</strong></span> <span class='ocrx_word' id='word_1_72' title='bbox 826 1639 1012 1715; x_wconf 92' lang='lat' dir='ltr'><strong>Domitium,</strong></span> <span class='ocrx_word' id='word_1_73' title='bbox 1029 1661 1104 1703; x_wconf 87' lang='lat' dir='ltr'><strong>cum</strong></span> 
     </span>
     <span class='ocr_line' id='line_1_11' title="bbox 114 1728 1104 1823; baseline -0.001 -25"><span class='ocrx_word' id='word_1_74' title='bbox 114 1728 159 1798; x_wconf 80' lang='lat' dir='ltr'><strong>hoc</strong></span> <span class='ocrx_word' id='word_1_75' title='bbox 170 1737 230 1823; x_wconf 89' lang='lat' dir='ltr'><strong>ipso</strong></span> <span class='ocrx_word' id='word_1_76' title='bbox 243 1739 381 1802; x_wconf 90' lang='lat' dir='ltr'><strong>crederet</strong></span> <span class='ocrx_word' id='word_1_77' title='bbox 394 1736 515 1800; x_wconf 80' lang='lat' dir='ltr'><strong>facilius</strong></span> <span class='ocrx_word' id='word_1_78' title='bbox 528 1759 599 1799; x_wconf 89' lang='lat' dir='ltr'><strong>cum</strong></span> <span class='ocrx_word' id='word_1_79' title='bbox 612 1735 714 1819; x_wconf 87' lang='lat' dir='ltr'><strong>decipi</strong></span> <span class='ocrx_word' id='word_1_80' title='bbox 730 1757 833 1819; x_wconf 85' lang='lat' dir='ltr'><strong>posse.</strong></span> <span class='ocrx_word' id='word_1_81' title='bbox 864 1754 896 1798; x_wconf 86' lang='lat' dir='ltr'><strong>at</strong></span> <span class='ocrx_word' id='word_1_82' title='bbox 909 1754 1017 1798; x_wconf 81' lang='lat' dir='ltr'><strong>contra</strong></span> <span class='ocrx_word' id='word_1_83' title='bbox 1029 1755 1104 1818; x_wconf 87' lang='lat' dir='ltr'><strong>spes</strong></span> 
     </span>
     <span class='ocr_line' id='line_1_12' title="bbox 114 1828 1103 1907; baseline -0.001 -15"><span class='ocrx_word' id='word_1_84' title='bbox 114 1828 179 1907; x_wconf 76' lang='lat' dir='ltr'><strong>pacis</strong></span> <span class='ocrx_word' id='word_1_85' title='bbox 196 1831 334 1896; x_wconf 91' lang='lat' dir='ltr'><strong>Domitio</strong></span> <span class='ocrx_word' id='word_1_86' title='bbox 356 1832 388 1894; x_wconf 91' lang='lat' dir='ltr'><strong>in</strong></span> <span class='ocrx_word' id='word_1_87' title='bbox 409 1831 526 1895; x_wconf 85' lang='lat' dir='ltr'><strong>eisdem</strong></span> <span class='ocrx_word' id='word_1_88' title='bbox 548 1830 658 1892; x_wconf 88' lang='lat' dir='ltr'><strong>castris</strong></span> <span class='ocrx_word' id='word_1_89' title='bbox 680 1829 822 1892; x_wconf 79' lang='lat' dir='ltr'><strong>momndi</strong></span> <span class='ocrx_word' id='word_1_90' title='bbox 843 1829 944 1892; x_wconf 90' lang='lat' dir='ltr'><strong>attulit</strong></span> <span class='ocrx_word' id='word_1_91' title='bbox 964 1849 1103 1892; x_wconf 85' lang='lat' dir='ltr'><strong>eausam.</strong></span> 
     </span>
     <span class='ocr_line' id='line_1_13' title="bbox 115 1916 1103 2008; baseline 0 -24"><span class='ocrx_word' id='word_1_92' title='bbox 115 1916 148 1984; x_wconf 84' lang='lat' dir='ltr'><strong>itt</strong></span> <span class='ocrx_word' id='word_1_93' title='bbox 161 1922 328 1989; x_wconf 88' lang='lat' dir='ltr'><strong>Pharnaces</strong></span> <span class='ocrx_word' id='word_1_94' title='bbox 354 1925 469 1988; x_wconf 89' lang='lat' dir='ltr'><strong>amissa</strong></span> <span class='ocrx_word' id='word_1_95' title='bbox 494 1924 627 2008; x_wconf 82' lang='lat' dir='ltr'><strong>proximi</strong></span> <span class='ocrx_word' id='word_1_96' title='bbox 652 1923 800 2007; x_wconf 86' lang='lat' dir='ltr'><strong>temporis</strong></span> <span class='ocrx_word' id='word_1_97' title='bbox 826 1923 1005 1998; x_wconf 86' lang='lat' dir='ltr'><strong>occasione,</strong></span> <span class='ocrx_word' id='word_1_98' title='bbox 1030 1942 1103 1985; x_wconf 91' lang='lat' dir='ltr'><strong>cum</strong></span> 
     </span>
     <span class='ocr_line' id='line_1_14' title="bbox 116 2016 1105 2103; baseline -0.004 -21"><span class='ocrx_word' id='word_1_99' title='bbox 116 2030 254 2095; x_wconf 79' lang='lat' dir='ltr'><strong>tueretur,</strong></span> <span class='ocrx_word' id='word_1_100' title='bbox 281 2031 598 2103; x_wconf 75' lang='lat' dir='ltr'><strong>recognoscerentur</strong></span> <span class='ocrx_word' id='word_1_101' title='bbox 614 2017 759 2091; x_wconf 78' lang='lat' dir='ltr'><strong>insidiae,</strong></span> <span class='ocrx_word' id='word_1_102' title='bbox 781 2039 856 2080; x_wconf 88' lang='lat' dir='ltr'><strong>suos</strong></span> <span class='ocrx_word' id='word_1_103' title='bbox 877 2016 911 2080; x_wconf 92' lang='lat' dir='ltr'><strong>in</strong></span> <span class='ocrx_word' id='word_1_104' title='bbox 931 2034 1035 2080; x_wconf 85' lang='lat' dir='ltr'><strong>eastra</strong></span> <span class='ocrx_word' id='word_1_105' title='bbox 1055 2035 1105 2078; x_wconf 87' lang='lat' dir='ltr'><strong>re-</strong></span> 
     </span>
     <span class='ocr_line' id='line_1_15' title="bbox 116 2109 1105 2196; baseline -0.002 -22"><span class='ocrx_word' id='word_1_106' title='bbox 116 2112 218 2176; x_wconf 65' lang='lat' dir='ltr'><strong>coatia</strong></span> <span class='ocrx_word' id='word_1_107' title='bbox 248 2112 408 2176; x_wconf 80' lang='lat' dir='ltr'><strong>Domitius</strong></span> <span class='ocrx_word' id='word_1_108' title='bbox 425 2124 550 2196; x_wconf 89' lang='lat' dir='ltr'><strong>postero</strong></span> <span class='ocrx_word' id='word_1_109' title='bbox 566 2111 617 2173; x_wconf 90' lang='lat' dir='ltr'><strong>dic</strong></span> <span class='ocrx_word' id='word_1_110' title='bbox 635 2110 762 2194; x_wconf 89' lang='lat' dir='ltr'><strong>propius</strong></span> <span class='ocrx_word' id='word_1_111' title='bbox 780 2109 954 2195; x_wconf 74' lang='lat' dir='ltr'><strong>Nicopolim</strong></span> <span class='ocrx_word' id='word_1_112' title='bbox 970 2109 1105 2174; x_wconf 83' lang='lat' dir='ltr'><strong>accessit</strong></span> 
     </span>
     <span class='ocr_line' id='line_1_16' title="bbox 116 2202 1103 2290; baseline -0.003 -20"><span class='ocrx_word' id='word_1_113' title='bbox 116 2213 247 2289; x_wconf 59' lang='lat' dir='ltr'><strong>ususque</strong></span> <span class='ocrx_word' id='word_1_114' title='bbox 278 2206 393 2290; x_wconf 89' lang='lat' dir='ltr'><strong>oppido</strong></span> <span class='ocrx_word' id='word_1_115' title='bbox 423 2205 561 2269; x_wconf 90' lang='lat' dir='ltr'><strong>contulit.</strong></span> <span class='ocrx_word' id='word_1_116' title='bbox 605 2226 686 2287; x_wconf 90' lang='lat' dir='ltr'><strong>quae</strong></span> <span class='ocrx_word' id='word_1_117' title='bbox 715 2205 792 2267; x_wconf 91' lang='lat' dir='ltr'><strong>dum</strong></span> <span class='ocrx_word' id='word_1_118' title='bbox 822 2206 965 2268; x_wconf 92' lang='lat' dir='ltr'><strong>muniunt</strong></span> <span class='ocrx_word' id='word_1_119' title='bbox 995 2202 1103 2278; x_wconf 80' lang='lat' dir='ltr'><strong>nostri,</strong></span> 
     </span>
     <span class='ocr_line' id='line_1_17' title="bbox 116 2286 1106 2381; baseline -0.004 -17"><span class='ocrx_word' id='word_1_120' title='bbox 116 2286 263 2364; x_wconf 67' lang='lat' dir='ltr'><strong>Pharnaces</strong></span> <span class='ocrx_word' id='word_1_121' title='bbox 286 2300 384 2363; x_wconf 86' lang='lat' dir='ltr'><strong>aciem</strong></span> <span class='ocrx_word' id='word_1_122' title='bbox 405 2299 549 2362; x_wconf 83' lang='lat' dir='ltr'><strong>instruxit</strong></span> <span class='ocrx_word' id='word_1_123' title='bbox 572 2320 630 2361; x_wconf 89' lang='lat' dir='ltr'><strong>suo</strong></span> <span class='ocrx_word' id='word_1_124' title='bbox 656 2321 741 2362; x_wconf 86' lang='lat' dir='ltr'><strong>more</strong></span> <span class='ocrx_word' id='word_1_125' title='bbox 763 2316 857 2381; x_wconf 88' lang='lat' dir='ltr'><strong>atque</strong></span> <span class='ocrx_word' id='word_1_126' title='bbox 878 2299 1029 2361; x_wconf 85' lang='lat' dir='ltr'><strong>instituto.</strong></span> <span class='ocrx_word' id='word_1_127' title='bbox 1071 2297 1106 2359; x_wconf 88' lang='lat' dir='ltr'><strong>in</strong></span> 
     </span>
     <span class='ocr_line' id='line_1_18' title="bbox 116 2382 1106 2476; baseline 0.003 -25"><span class='ocrx_word' id='word_1_128' title='bbox 116 2382 190 2456; x_wconf 84' lang='lat' dir='ltr'><strong>fronte</strong></span> <span class='ocrx_word' id='word_1_129' title='bbox 205 2393 285 2456; x_wconf 90' lang='lat' dir='ltr'><strong>enim</strong></span> <span class='ocrx_word' id='word_1_130' title='bbox 303 2392 434 2476; x_wconf 82' lang='lat' dir='ltr'><strong>simplici</strong></span> <span class='ocrx_word' id='word_1_131' title='bbox 451 2393 568 2455; x_wconf 89' lang='lat' dir='ltr'><strong>directa</strong></span> <span class='ocrx_word' id='word_1_132' title='bbox 585 2392 652 2455; x_wconf 88' lang='lat' dir='ltr'><strong>acie</strong></span> <span class='ocrx_word' id='word_1_133' title='bbox 668 2414 784 2455; x_wconf 90' lang='lat' dir='ltr'><strong>cornua</strong></span> <span class='ocrx_word' id='word_1_134' title='bbox 802 2393 889 2455; x_wconf 86' lang='lat' dir='ltr'><strong>trinis</strong></span> <span class='ocrx_word' id='word_1_135' title='bbox 903 2391 1106 2455; x_wconf 89' lang='lat' dir='ltr'><strong>firmabantur</strong></span> 
     </span>
     <span class='ocr_line' id='line_1_19' title="bbox 116 2478 1104 2551; baseline -0.003 0"><span class='ocrx_word' id='word_1_136' title='bbox 116 2478 247 2551; x_wconf 66' lang='lat' dir='ltr'><strong>tubsidiis.</strong></span> <span class='ocrx_word' id='word_1_137' title='bbox 274 2487 383 2550; x_wconf 89' lang='lat' dir='ltr'><strong>eadem</strong></span> <span class='ocrx_word' id='word_1_138' title='bbox 404 2486 521 2549; x_wconf 91' lang='lat' dir='ltr'><strong>ratione</strong></span> <span class='ocrx_word' id='word_1_139' title='bbox 547 2485 626 2549; x_wconf 89' lang='lat' dir='ltr'><strong>haec</strong></span> <span class='ocrx_word' id='word_1_140' title='bbox 652 2486 755 2548; x_wconf 89' lang='lat' dir='ltr'><strong>media</strong></span> <span class='ocrx_word' id='word_1_141' title='bbox 781 2485 1012 2549; x_wconf 86' lang='lat' dir='ltr'><strong>collocabantur</strong></span> <span class='ocrx_word' id='word_1_142' title='bbox 1036 2485 1104 2548; x_wconf 90' lang='lat' dir='ltr'><strong>acie</strong></span> 
     </span>
     <span class='ocr_line' id='line_1_20' title="bbox 116 2569 1105 2663; baseline 0.005 -26"><span class='ocrx_word' id='word_1_143' title='bbox 116 2569 210 2645; x_wconf 79' lang='lat' dir='ltr'><strong>duobus</strong></span> <span class='ocrx_word' id='word_1_144' title='bbox 225 2580 334 2644; x_wconf 88' lang='lat' dir='ltr'><strong>dextra</strong></span> <span class='ocrx_word' id='word_1_145' title='bbox 350 2579 535 2662; x_wconf 89' lang='lat' dir='ltr'><strong>sinistraque</strong></span> <span class='ocrx_word' id='word_1_146' title='bbox 552 2579 720 2643; x_wconf 78' lang='lat' dir='ltr'><strong>intervallis</strong></span> <span class='ocrx_word' id='word_1_147' title='bbox 739 2579 932 2663; x_wconf 82' lang='lat' dir='ltr'><strong>simplicibus</strong></span> <span class='ocrx_word' id='word_1_148' title='bbox 945 2578 1105 2642; x_wconf 89' lang='lat' dir='ltr'><strong>ordinibus</strong></span> 
     </span>
     <span class='ocr_line' id='line_1_21' title="bbox 116 2660 1105 2758; baseline -0.002 -21"><span class='ocrx_word' id='word_1_149' title='bbox 116 2660 252 2738; x_wconf 54' lang='lat' dir='ltr'><strong>hincm.</strong></span> <span class='ocrx_word' id='word_1_150' title='bbox 295 2673 425 2758; x_wconf 85' lang='lat' dir='ltr'><strong>perfecit</strong></span> <span class='ocrx_word' id='word_1_151' title='bbox 453 2673 609 2756; x_wconf 90' lang='lat' dir='ltr'><strong>inceptum</strong></span> <span class='ocrx_word' id='word_1_152' title='bbox 637 2690 809 2735; x_wconf 90' lang='lat' dir='ltr'><strong>castrorum</strong></span> <span class='ocrx_word' id='word_1_153' title='bbox 839 2694 918 2756; x_wconf 90' lang='lat' dir='ltr'><strong>opus</strong></span> <span class='ocrx_word' id='word_1_154' title='bbox 944 2671 1105 2735; x_wconf 88' lang='lat' dir='ltr'><strong>Domitius</strong></span> 
     </span>
     <span class='ocr_line' id='line_1_22' title="bbox 115 2764 1155 2851; baseline 0.002 -25"><span class='ocrx_word' id='word_1_155' title='bbox 115 2770 179 2838; x_wconf 75' lang='lat' dir='ltr'><strong>rute</strong></span> <span class='ocrx_word' id='word_1_156' title='bbox 192 2766 346 2851; x_wconf 86' lang='lat' dir='ltr'><strong>copiamm</strong></span> <span class='ocrx_word' id='word_1_157' title='bbox 363 2788 419 2850; x_wconf 91' lang='lat' dir='ltr'><strong>pro</strong></span> <span class='ocrx_word' id='word_1_158' title='bbox 436 2766 518 2830; x_wconf 79' lang='lat' dir='ltr'><strong>vallo</strong></span> <span class='ocrx_word' id='word_1_159' title='bbox 535 2765 713 2829; x_wconf 88' lang='lat' dir='ltr'><strong>constituta.</strong></span> <span class='ocrx_word' id='word_1_160' title='bbox 739 2766 881 2849; x_wconf 77' lang='lat' dir='ltr'><strong>proxima</strong></span> <span class='ocrx_word' id='word_1_161' title='bbox 900 2776 990 2828; x_wconf 90' lang='lat' dir='ltr'><strong>nocte</strong></span> <span class='ocrx_word' id='word_1_162' title='bbox 1004 2764 1104 2828; x_wconf 87' lang='lat' dir='ltr'><strong>Phar·</strong></span> <span class='ocrx_word' id='word_1_163' title='bbox 1122 2782 1155 2830; x_wconf 81' lang='lat' dir='ltr'><strong>ss</strong></span> 
     </span>
     <span class='ocr_line' id='line_1_23' title="bbox 116 2857 1107 2945; baseline 0 -24"><span class='ocrx_word' id='word_1_164' title='bbox 116 2868 184 2921; x_wconf 68' lang='lat' dir='ltr'><strong>lites</strong></span> <span class='ocrx_word' id='word_1_165' title='bbox 198 2859 372 2945; x_wconf 86' lang='lat' dir='ltr'><strong>interceptis</strong></span> <span class='ocrx_word' id='word_1_166' title='bbox 391 2858 567 2934; x_wconf 85' lang='lat' dir='ltr'><strong>tabellariis,</strong></span> <span class='ocrx_word' id='word_1_167' title='bbox 585 2860 639 2943; x_wconf 89' lang='lat' dir='ltr'><strong>qui</strong></span> <span class='ocrx_word' id='word_1_168' title='bbox 656 2860 695 2922; x_wconf 89' lang='lat' dir='ltr'><strong>de</strong></span> <span class='ocrx_word' id='word_1_169' title='bbox 709 2858 931 2923; x_wconf 76' lang='lat' dir='ltr'><strong>Alexandrinis</strong></span> <span class='ocrx_word' id='word_1_170' title='bbox 948 2857 1043 2924; x_wconf 90' lang='lat' dir='ltr'><strong>rebus</strong></span> <span class='ocrx_word' id='word_1_171' title='bbox 1056 2858 1107 2922; x_wconf 90' lang='lat' dir='ltr'><strong>lit-</strong></span> 
     </span>
     <span class='ocr_line' id='line_1_24' title="bbox 116 2948 1107 3043; baseline 0 -27"><span class='ocrx_word' id='word_1_172' title='bbox 116 2948 175 3043; x_wconf 53' lang='grc' dir='ltr'><strong>ξω</strong></span> <span class='ocrx_word' id='word_1_173' title='bbox 188 2953 226 3016; x_wconf 92' lang='lat' dir='ltr'><strong>ad</strong></span> <span class='ocrx_word' id='word_1_174' title='bbox 242 2952 416 3016; x_wconf 92' lang='lat' dir='ltr'><strong>Domitium</strong></span> <span class='ocrx_word' id='word_1_175' title='bbox 437 2952 591 3028; x_wconf 87' lang='lat' dir='ltr'><strong>serebant,</strong></span> <span class='ocrx_word' id='word_1_176' title='bbox 619 2953 780 3039; x_wconf 81' lang='lat' dir='ltr'><strong>cognoscit</strong></span> <span class='ocrx_word' id='word_1_177' title='bbox 800 2952 969 3017; x_wconf 87' lang='lat' dir='ltr'><strong>Caesarem</strong></span> <span class='ocrx_word' id='word_1_178' title='bbox 991 2974 1107 3038; x_wconf 86' lang='lat' dir='ltr'><strong>magno</strong></span> 
     </span>
     <span class='ocr_line' id='line_1_25' title="bbox 115 3045 1108 3131; baseline 0.001 -22"><span class='ocrx_word' id='word_1_179' title='bbox 115 3052 139 3099; x_wconf 79' lang='lat'><strong>¹¹¹</strong></span> <span class='ocrx_word' id='word_1_180' title='bbox 152 3045 271 3125; x_wconf 80' lang='lat' dir='ltr'><strong>periculo</strong></span> <span class='ocrx_word' id='word_1_181' title='bbox 289 3046 405 3110; x_wconf 85' lang='lat' dir='ltr'><strong>versari</strong></span> <span class='ocrx_word' id='word_1_182' title='bbox 422 3045 615 3131; x_wconf 86' lang='lat' dir='ltr'><strong>flagitariquc</strong></span> <span class='ocrx_word' id='word_1_183' title='bbox 633 3046 673 3110; x_wconf 90' lang='lat' dir='ltr'><strong>ab</strong></span> <span class='ocrx_word' id='word_1_184' title='bbox 692 3046 847 3122; x_wconf 91' lang='lat' dir='ltr'><strong>Domitio,</strong></span> <span class='ocrx_word' id='word_1_185' title='bbox 874 3060 911 3111; x_wconf 92' lang='lat' dir='ltr'><strong>ut</strong></span> <span class='ocrx_word' id='word_1_186' title='bbox 931 3069 1027 3130; x_wconf 91' lang='lat' dir='ltr'><strong>quam</strong></span> <span class='ocrx_word' id='word_1_187' title='bbox 1045 3045 1108 3130; x_wconf 84' lang='lat' dir='ltr'><strong>pri·</strong></span> 
     </span>
     <span class='ocr_line' id='line_1_26' title="bbox 116 3137 1108 3226; baseline 0.005 -27"><span class='ocrx_word' id='word_1_188' title='bbox 116 3144 177 3199; x_wconf 67' lang='lat' dir='ltr'><strong>mun</strong></span> <span class='ocrx_word' id='word_1_189' title='bbox 192 3137 318 3204; x_wconf 86' lang='lat' dir='ltr'><strong>Caesari</strong></span> <span class='ocrx_word' id='word_1_190' title='bbox 343 3138 483 3204; x_wconf 88' lang='lat' dir='ltr'><strong>subsidia</strong></span> <span class='ocrx_word' id='word_1_191' title='bbox 505 3139 653 3217; x_wconf 88' lang='lat' dir='ltr'><strong>mitteret,</strong></span> <span class='ocrx_word' id='word_1_192' title='bbox 677 3141 865 3225; x_wconf 87' lang='lat' dir='ltr'><strong>propiusque</strong></span> <span class='ocrx_word' id='word_1_193' title='bbox 883 3141 950 3226; x_wconf 90' lang='lat' dir='ltr'><strong>ipse</strong></span> <span class='ocrx_word' id='word_1_194' title='bbox 967 3140 1108 3204; x_wconf 80' lang='lat' dir='ltr'><strong>Alexan-</strong></span> 
     </span>
     <span class='ocr_line' id='line_1_27' title="bbox 115 3214 1107 3326; baseline 0.003 -29"><span class='ocrx_word' id='word_1_195' title='bbox 115 3214 188 3326; x_wconf 63' lang='lat' dir='ltr'><strong>dflam</strong></span> <span class='ocrx_word' id='word_1_196' title='bbox 207 3254 261 3317; x_wconf 88' lang='lat' dir='ltr'><strong>per</strong></span> <span class='ocrx_word' id='word_1_197' title='bbox 282 3230 407 3318; x_wconf 84' lang='lat' dir='ltr'><strong>Syriam</strong></span> <span class='ocrx_word' id='word_1_198' title='bbox 433 3234 603 3298; x_wconf 77' lang='lat' dir='ltr'><strong>accederet.</strong></span> <span class='ocrx_word' id='word_1_199' title='bbox 638 3256 700 3316; x_wconf 90' lang='lat' dir='ltr'><strong>qua</strong></span> <span class='ocrx_word' id='word_1_200' title='bbox 726 3236 851 3320; x_wconf 83' lang='lat' dir='ltr'><strong>cognita</strong></span> <span class='ocrx_word' id='word_1_201' title='bbox 871 3257 905 3299; x_wconf 87' lang='lat' dir='ltr'><strong>re</strong></span> <span class='ocrx_word' id='word_1_202' title='bbox 926 3234 1107 3299; x_wconf 87' lang='lat' dir='ltr'><strong>Pharnaces</strong></span> 
     </span>
     <span class='ocr_line' id='line_1_28' title="bbox 115 3326 1108 3414; baseline 0.001 -23"><span class='ocrx_word' id='word_1_203' title='bbox 115 3326 231 3392; x_wconf 64' lang='lat' dir='ltr'><strong>amesa</strong></span> <span class='ocrx_word' id='word_1_204' title='bbox 247 3326 317 3392; x_wconf 90' lang='lat' dir='ltr'><strong>loco</strong></span> <span class='ocrx_word' id='word_1_205' title='bbox 334 3326 476 3402; x_wconf 90' lang='lat' dir='ltr'><strong>ducebat,</strong></span> <span class='ocrx_word' id='word_1_206' title='bbox 496 3327 523 3391; x_wconf 92' lang='lat' dir='ltr'><strong>si</strong></span> <span class='ocrx_word' id='word_1_207' title='bbox 541 3327 662 3392; x_wconf 84' lang='lat' dir='ltr'><strong>trahere</strong></span> <span class='ocrx_word' id='word_1_208' title='bbox 680 3341 804 3412; x_wconf 90' lang='lat' dir='ltr'><strong>tempus</strong></span> <span class='ocrx_word' id='word_1_209' title='bbox 821 3341 938 3414; x_wconf 89' lang='lat' dir='ltr'><strong>posset,</strong></span> <span class='ocrx_word' id='word_1_210' title='bbox 957 3352 1030 3394; x_wconf 92' lang='lat' dir='ltr'><strong>cum</strong></span> <span class='ocrx_word' id='word_1_211' title='bbox 1043 3328 1108 3393; x_wconf 88' lang='lat' dir='ltr'><strong>dis-</strong></span> 
     </span>
     <span class='ocr_line' id='line_1_29' title="bbox 115 3410 1107 3508; baseline 0.004 -26"><span class='ocrx_word' id='word_1_212' title='bbox 115 3410 258 3484; x_wconf 64' lang='lat' dir='ltr'><strong>lelendum</strong></span> <span class='ocrx_word' id='word_1_213' title='bbox 280 3420 421 3485; x_wconf 91' lang='lat' dir='ltr'><strong>Domitio</strong></span> <span class='ocrx_word' id='word_1_214' title='bbox 446 3421 586 3485; x_wconf 87' lang='lat' dir='ltr'><strong>celeriter</strong></span> <span class='ocrx_word' id='word_1_215' title='bbox 607 3434 738 3506; x_wconf 90' lang='lat' dir='ltr'><strong>putaret.</strong></span> <span class='ocrx_word' id='word_1_216' title='bbox 783 3424 888 3506; x_wconf 88' lang='lat' dir='ltr'><strong>itaque</strong></span> <span class='ocrx_word' id='word_1_217' title='bbox 915 3422 955 3488; x_wconf 92' lang='lat' dir='ltr'><strong>ab</strong></span> <span class='ocrx_word' id='word_1_218' title='bbox 981 3423 1107 3508; x_wconf 92' lang='lat' dir='ltr'><strong>oppido,</strong></span> 
     </span>
     <span class='ocr_line' id='line_1_30' title="bbox 115 3510 1109 3598; baseline 0.001 -20"><span class='ocrx_word' id='word_1_219' title='bbox 115 3512 162 3578; x_wconf 60' lang='lat' dir='ltr'><strong>lm</strong></span> <span class='ocrx_word' id='word_1_220' title='bbox 173 3510 346 3577; x_wconf 75' lang='lat' dir='ltr'><strong>facillimum</strong></span> <span class='ocrx_word' id='word_1_221' title='bbox 365 3536 525 3578; x_wconf 87' lang='lat' dir='ltr'><strong>accessum</strong></span> <span class='ocrx_word' id='word_1_222' title='bbox 543 3528 573 3578; x_wconf 90' lang='lat' dir='ltr'><strong>et</strong></span> <span class='ocrx_word' id='word_1_223' title='bbox 591 3516 814 3598; x_wconf 87' lang='lat' dir='ltr'><strong>aequissimum</strong></span> <span class='ocrx_word' id='word_1_224' title='bbox 838 3517 878 3580; x_wconf 90' lang='lat' dir='ltr'><strong>ad</strong></span> <span class='ocrx_word' id='word_1_225' title='bbox 896 3516 1109 3580; x_wconf 91' lang='lat' dir='ltr'><strong>dimicandum</strong></span> 
     </span>
     <span class='ocr_line' id='line_1_31' title="bbox 115 3605 1108 3695; baseline 0.001 -24"><span class='ocrx_word' id='word_1_226' title='bbox 115 3605 201 3693; x_wconf 53' lang='lat' dir='ltr'><strong>{nmis</strong></span> <span class='ocrx_word' id='word_1_227' title='bbox 217 3607 351 3685; x_wconf 84' lang='lat' dir='ltr'><strong>videbat,</strong></span> <span class='ocrx_word' id='word_1_228' title='bbox 368 3608 470 3672; x_wconf 79' lang='lat' dir='ltr'><strong>fossas</strong></span> <span class='ocrx_word' id='word_1_229' title='bbox 488 3608 567 3672; x_wconf 87' lang='lat' dir='ltr'><strong>duas</strong></span> <span class='ocrx_word' id='word_1_230' title='bbox 585 3608 717 3673; x_wconf 90' lang='lat' dir='ltr'><strong>directas</strong></span> <span class='ocrx_word' id='word_1_231' title='bbox 735 3633 797 3673; x_wconf 91' lang='lat' dir='ltr'><strong>non</strong></span> <span class='ocrx_word' id='word_1_232' title='bbox 815 3610 859 3674; x_wconf 91' lang='lat' dir='ltr'><strong>ita</strong></span> <span class='ocrx_word' id='word_1_233' title='bbox 876 3633 992 3695; x_wconf 84' lang='lat' dir='ltr'><strong>magno</strong></span> <span class='ocrx_word' id='word_1_234' title='bbox 1005 3609 1108 3673; x_wconf 91' lang='lat' dir='ltr'><strong>medio</strong></span> 
     </span>
     <span class='ocr_line' id='line_1_32' title="bbox 115 3696 1109 3787; baseline 0.004 -24"><span class='ocrx_word' id='word_1_235' title='bbox 115 3696 246 3766; x_wconf 58' lang='lat' dir='ltr'><strong>amalo</strong></span> <span class='ocrx_word' id='word_1_236' title='bbox 262 3702 370 3766; x_wconf 87' lang='lat' dir='ltr'><strong>relicto</strong></span> <span class='ocrx_word' id='word_1_237' title='bbox 386 3702 456 3766; x_wconf 91' lang='lat' dir='ltr'><strong>llll</strong></span> <span class='ocrx_word' id='word_1_238' title='bbox 473 3703 589 3787; x_wconf 90' lang='lat' dir='ltr'><strong>pedum</strong></span> <span class='ocrx_word' id='word_1_239' title='bbox 602 3703 773 3767; x_wconf 89' lang='lat' dir='ltr'><strong>altitudinis</strong></span> <span class='ocrx_word' id='word_1_240' title='bbox 791 3705 823 3768; x_wconf 91' lang='lat' dir='ltr'><strong>in</strong></span> <span class='ocrx_word' id='word_1_241' title='bbox 842 3727 914 3768; x_wconf 87' lang='lat' dir='ltr'><strong>eum</strong></span> <span class='ocrx_word' id='word_1_242' title='bbox 932 3705 1036 3768; x_wconf 90' lang='lat' dir='ltr'><strong>locum</strong></span> <span class='ocrx_word' id='word_1_243' title='bbox 1053 3704 1109 3767; x_wconf 91' lang='lat' dir='ltr'><strong>de-</strong></span> 
     </span>
     <span class='ocr_line' id='line_1_33' title="bbox 117 3772 1107 3882; baseline 0.003 -25"><span class='ocrx_word' id='word_1_244' title='bbox 117 3772 187 3881; x_wconf 51' lang='lat' dir='ltr'><strong>jffitit,</strong></span> <span class='ocrx_word' id='word_1_245' title='bbox 203 3815 264 3877; x_wconf 91' lang='lat' dir='ltr'><strong>quo</strong></span> <span class='ocrx_word' id='word_1_246' title='bbox 281 3795 405 3881; x_wconf 85' lang='lat' dir='ltr'><strong>longius</strong></span> <span class='ocrx_word' id='word_1_247' title='bbox 419 3796 618 3860; x_wconf 88' lang='lat' dir='ltr'><strong>constituerat</strong></span> <span class='ocrx_word' id='word_1_248' title='bbox 632 3820 721 3860; x_wconf 90' lang='lat' dir='ltr'><strong>suam</strong></span> <span class='ocrx_word' id='word_1_249' title='bbox 736 3820 799 3861; x_wconf 91' lang='lat' dir='ltr'><strong>non</strong></span> <span class='ocrx_word' id='word_1_250' title='bbox 814 3799 985 3882; x_wconf 89' lang='lat' dir='ltr'><strong>producere</strong></span> <span class='ocrx_word' id='word_1_251' title='bbox 998 3797 1107 3861; x_wconf 88' lang='lat' dir='ltr'><strong>aciem.</strong></span> 
     </span>
     <span class='ocr_line' id='line_1_34' title="bbox 117 3884 1109 3975; baseline 0.006 -27"><span class='ocrx_word' id='word_1_252' title='bbox 117 3884 174 3946; x_wconf 54' lang='lat' dir='ltr'><strong>utu</strong></span> <span class='ocrx_word' id='word_1_253' title='bbox 185 3885 240 3952; x_wconf 89' lang='lat' dir='ltr'><strong>has</strong></span> <span class='ocrx_word' id='word_1_254' title='bbox 252 3888 356 3953; x_wconf 82' lang='lat' dir='ltr'><strong>fossas</strong></span> <span class='ocrx_word' id='word_1_255' title='bbox 370 3889 469 3953; x_wconf 86' lang='lat' dir='ltr'><strong>aciem</strong></span> <span class='ocrx_word' id='word_1_256' title='bbox 482 3911 605 3975; x_wconf 89' lang='lat' dir='ltr'><strong>semper</strong></span> <span class='ocrx_word' id='word_1_257' title='bbox 618 3890 800 3967; x_wconf 88' lang='lat' dir='ltr'><strong>instruebat,</strong></span> <span class='ocrx_word' id='word_1_258' title='bbox 818 3892 990 3975; x_wconf 89' lang='lat' dir='ltr'><strong>equitatum</strong></span> <span class='ocrx_word' id='word_1_259' title='bbox 1004 3905 1109 3954; x_wconf 90' lang='lat' dir='ltr'><strong>autem</strong></span> 
     </span>
     <span class='ocr_line' id='line_1_35' title="bbox 118 3981 1109 4079; baseline 0.003 -34"><span class='ocrx_word' id='word_1_260' title='bbox 118 3982 213 4079; x_wconf 50' lang='lat' dir='ltr'><strong>⁰{luera</strong></span> <span class='ocrx_word' id='word_1_261' title='bbox 232 3981 274 4046; x_wconf 87' lang='lat' dir='ltr'><strong>ab</strong></span> <span class='ocrx_word' id='word_1_262' title='bbox 296 3981 442 4047; x_wconf 88' lang='lat' dir='ltr'><strong>lateribus</strong></span> <span class='ocrx_word' id='word_1_263' title='bbox 465 3995 553 4047; x_wconf 85' lang='lat' dir='ltr'><strong>extra</strong></span> <span class='ocrx_word' id='word_1_264' title='bbox 574 3984 693 4048; x_wconf 88' lang='lat' dir='ltr'><strong>fossam</strong></span> <span class='ocrx_word' id='word_1_265' title='bbox 714 3984 900 4062; x_wconf 81' lang='lat' dir='ltr'><strong>collocabat3</strong></span> <span class='ocrx_word' id='word_1_266' title='bbox 928 3985 982 4068; x_wconf 92' lang='lat' dir='ltr'><strong>qui</strong></span> <span class='ocrx_word' id='word_1_267' title='bbox 1008 4005 1109 4067; x_wconf 88' lang='lat' dir='ltr'><strong>neque</strong></span> 
     </span>
     <span class='ocr_line' id='line_1_36' title="bbox 117 4059 1109 4161; baseline 0.006 -25"><span class='ocrx_word' id='word_1_268' title='bbox 117 4059 181 4136; x_wconf 68' lang='lat' dir='ltr'><strong>’liter</strong></span> <span class='ocrx_word' id='word_1_269' title='bbox 193 4075 277 4140; x_wconf 89' lang='lat' dir='ltr'><strong>utilis</strong></span> <span class='ocrx_word' id='word_1_270' title='bbox 299 4098 369 4140; x_wconf 87' lang='lat' dir='ltr'><strong>esse</strong></span> <span class='ocrx_word' id='word_1_271' title='bbox 391 4088 525 4161; x_wconf 89' lang='lat' dir='ltr'><strong>poterat,</strong></span> <span class='ocrx_word' id='word_1_272' title='bbox 549 4088 579 4141; x_wconf 90' lang='lat' dir='ltr'><strong>et</strong></span> <span class='ocrx_word' id='word_1_273' title='bbox 597 4079 727 4142; x_wconf 90' lang='lat' dir='ltr'><strong>multum</strong></span> <span class='ocrx_word' id='word_1_274' title='bbox 750 4101 879 4143; x_wconf 89' lang='lat' dir='ltr'><strong>numero</strong></span> <span class='ocrx_word' id='word_1_275' title='bbox 897 4077 1035 4142; x_wconf 89' lang='lat' dir='ltr'><strong>anteibat</strong></span> <span class='ocrx_word' id='word_1_276' title='bbox 1052 4101 1109 4142; x_wconf 90' lang='lat' dir='ltr'><strong>no-</strong></span> 
     </span>
     <span class='ocr_line' id='line_1_37' title="bbox 117 4164 1158 4258; baseline 0.007 -26"><span class='ocrx_word' id='word_1_277' title='bbox 117 4164 189 4231; x_wconf 57' lang='lat' dir='ltr'><strong>stram</strong></span> <span class='ocrx_word' id='word_1_278' title='bbox 208 4169 387 4253; x_wconf 87' lang='lat' dir='ltr'><strong>equitatum.</strong></span> <span class='ocrx_word' id='word_1_279' title='bbox 422 4170 582 4234; x_wconf 90' lang='lat' dir='ltr'><strong>Domitius</strong></span> <span class='ocrx_word' id='word_1_280' title='bbox 603 4183 722 4248; x_wconf 90' lang='lat' dir='ltr'><strong>autern,</strong></span> <span class='ocrx_word' id='word_1_281' title='bbox 745 4195 817 4236; x_wconf 90' lang='lat' dir='ltr'><strong>cum</strong></span> <span class='ocrx_word' id='word_1_282' title='bbox 836 4171 983 4237; x_wconf 85' lang='lat' dir='ltr'><strong>Caesaris</strong></span> <span class='ocrx_word' id='word_1_283' title='bbox 1007 4172 1108 4258; x_wconf 82' lang='lat' dir='ltr'><strong>magis</strong></span> <span class='ocrx_word' id='word_1_284' title='bbox 1127 4191 1158 4239; x_wconf 81' lang='lat' dir='ltr'><strong>aa</strong></span> 
     </span>
     <span class='ocr_line' id='line_1_38' title="bbox 113 4256 1110 4349; baseline 0.004 -22"><span class='ocrx_word' id='word_1_285' title='bbox 113 4256 225 4337; x_wconf 64' lang='lat' dir='ltr'><strong>Pticnlo</strong></span> <span class='ocrx_word' id='word_1_286' title='bbox 241 4285 336 4347; x_wconf 91' lang='lat' dir='ltr'><strong>quam</strong></span> <span class='ocrx_word' id='word_1_287' title='bbox 354 4286 411 4328; x_wconf 92' lang='lat' dir='ltr'><strong>suo</strong></span> <span class='ocrx_word' id='word_1_288' title='bbox 429 4277 674 4330; x_wconf 86' lang='lat' dir='ltr'><strong>commoveretur</strong></span> <span class='ocrx_word' id='word_1_289' title='bbox 692 4288 793 4349; x_wconf 88' lang='lat' dir='ltr'><strong>neque</strong></span> <span class='ocrx_word' id='word_1_290' title='bbox 816 4289 850 4330; x_wconf 88' lang='lat' dir='ltr'><strong>se</strong></span> <span class='ocrx_word' id='word_1_291' title='bbox 869 4277 935 4331; x_wconf 89' lang='lat' dir='ltr'><strong>tuto</strong></span> <span class='ocrx_word' id='word_1_292' title='bbox 953 4266 1110 4331; x_wconf 76' lang='lat' dir='ltr'><strong>discesw·</strong></span> 
     </span>
     <span class='ocr_line' id='line_1_39' title="bbox 111 4355 1108 4446; baseline 0.006 -27"><span class='ocrx_word' id='word_1_293' title='bbox 111 4368 162 4419; x_wconf 77' lang='lat' dir='ltr'><strong>mm</strong></span> <span class='ocrx_word' id='word_1_294' title='bbox 172 4355 377 4435; x_wconf 85' lang='lat' dir='ltr'><strong>arbitraretur,</strong></span> <span class='ocrx_word' id='word_1_295' title='bbox 395 4359 423 4423; x_wconf 91' lang='lat' dir='ltr'><strong>si</strong></span> <span class='ocrx_word' id='word_1_296' title='bbox 436 4359 643 4437; x_wconf 87' lang='lat' dir='ltr'><strong>condiciones,</strong></span> <span class='ocrx_word' id='word_1_297' title='bbox 662 4382 741 4443; x_wconf 92' lang='lat' dir='ltr'><strong>quas</strong></span> <span class='ocrx_word' id='word_1_298' title='bbox 756 4361 913 4437; x_wconf 87' lang='lat' dir='ltr'><strong>reiecerat,</strong></span> <span class='ocrx_word' id='word_1_299' title='bbox 932 4383 1040 4425; x_wconf 89' lang='lat' dir='ltr'><strong>rursus</strong></span> <span class='ocrx_word' id='word_1_300' title='bbox 1054 4384 1108 4446; x_wconf 92' lang='lat' dir='ltr'><strong>ap·</strong></span> 
     </span>
     <span class='ocr_line' id='line_1_40' title="bbox 106 4452 1109 4538; baseline 0.007 -25"><span class='ocrx_word' id='word_1_301' title='bbox 106 4458 206 4531; x_wconf 80' lang='lat' dir='ltr'><strong>paeret</strong></span> <span class='ocrx_word' id='word_1_302' title='bbox 225 4462 280 4515; x_wconf 88' lang='lat' dir='ltr'><strong>aut</strong></span> <span class='ocrx_word' id='word_1_303' title='bbox 302 4452 329 4516; x_wconf 89' lang='lat' dir='ltr'><strong>si</strong></span> <span class='ocrx_word' id='word_1_304' title='bbox 350 4453 500 4517; x_wconf 89' lang='lat' dir='ltr'><strong>recusatis</strong></span> <span class='ocrx_word' id='word_1_305' title='bbox 523 4453 659 4529; x_wconf 85' lang='lat' dir='ltr'><strong>cederet,</strong></span> <span class='ocrx_word' id='word_1_306' title='bbox 687 4476 725 4517; x_wconf 83' lang='lat' dir='ltr'><strong>ex</strong></span> <span class='ocrx_word' id='word_1_307' title='bbox 743 4454 925 4538; x_wconf 90' lang='lat' dir='ltr'><strong>propinquis</strong></span> <span class='ocrx_word' id='word_1_308' title='bbox 949 4455 1059 4520; x_wconf 90' lang='lat' dir='ltr'><strong>castris</strong></span> <span class='ocrx_word' id='word_1_309' title='bbox 1076 4456 1109 4519; x_wconf 94' lang='lat' dir='ltr'><strong>in</strong></span> 
     </span>
     <span class='ocr_line' id='line_1_41' title="bbox 106 4542 1110 4633; baseline 0.002 -22"><span class='ocrx_word' id='word_1_310' title='bbox 106 4542 363 4611; x_wconf 80' lang='lat' dir='ltr'><strong>tciemexercitum</strong></span> <span class='ocrx_word' id='word_1_311' title='bbox 373 4547 493 4623; x_wconf 74' lang='lat' dir='ltr'><strong>eduxit3</strong></span> <span class='ocrx_word' id='word_1_312' title='bbox 508 4547 665 4610; x_wconf 81' lang='lat' dir='ltr'>XXXVI</span> <span class='ocrx_word' id='word_1_313' title='bbox 679 4549 833 4633; x_wconf 85' lang='lat' dir='ltr'><strong>legionem</strong></span> <span class='ocrx_word' id='word_1_314' title='bbox 848 4549 1003 4615; x_wconf 83' lang='lat' dir='ltr'><strong>in&#39;dextro</strong></span> <span class='ocrx_word' id='word_1_315' title='bbox 1013 4572 1110 4614; x_wconf 91' lang='lat' dir='ltr'><strong>cornu</strong></span> 
     </span>
     <span class='ocr_line' id='line_1_42' title="bbox 889 4650 940 4701; baseline 0 -22"><span class='ocrx_word' id='word_1_316' title='bbox 889 4650 940 4701; x_wconf 65' lang='lat'><strong>20⁸</strong></span> 
     </span>
    </p>
   </div>
   <div class='ocr_carea' id='block_1_3' title="bbox 0 0 1353 5206">
    <p class='ocr_par' dir='ltr' id='par_1_3' title="bbox 0 0 1353 5206">
     <span class='ocr_line' id='line_1_43' title="bbox 0 0 1353 5206; baseline 0 0"><span class='ocrx_word' id='word_1_317' title='bbox 0 0 1353 5206; x_wconf 95' lang='lat' dir='ltr'><strong> </strong></span> 
     </span>
    </p>
   </div>
  </div>
 </body>
</html>
