<?xml version="1.0" encoding="UTF-8"?>
<!DOCTYPE html PUBLIC "-//W3C//DTD XHTML 1.0 Transitional//EN"
    "http://www.w3.org/TR/xhtml1/DTD/xhtml1-transitional.dtd">
<html xmlns="http://www.w3.org/1999/xhtml" xml:lang="en" lang="en">
 <head>
  <title>
</title>
<meta http-equiv="Content-Type" content="text/html;charset=utf-8" />
  <meta name='ocr-system' content='tesseract 3.04.00' />
  <meta name='ocr-capabilities' content='ocr_page ocr_carea ocr_par ocr_line ocrx_word'/>
</head>
<body>
  <div class='ocr_page' id='page_1' title='image "./ciuliicaesarisc03krangoog_0299.png"; bbox 0 0 2692 5206; ppageno 0'>
   <div class='ocr_carea' id='block_1_1' title="bbox 431 787 1094 856">
    <p class='ocr_par' dir='ltr' id='par_1_1' title="bbox 431 787 1094 856">
     <span class='ocr_line' id='line_1_1' title="bbox 431 787 1094 856; baseline -0.002 -1"><span class='ocrx_word' id='word_1_1' title='bbox 431 797 550 855; x_wconf 75' lang='lat' dir='ltr'>coitu.</span> <span class='ocrx_word' id='word_1_2' title='bbox 568 799 607 855; x_wconf 84' lang='lat' dir='ltr'>IL</span> <span class='ocrx_word' id='word_1_3' title='bbox 624 798 744 856; x_wconf 78' lang='lat'><strong>25-29.</strong></span> <span class='ocrx_word' id='word_1_4' title='bbox 1031 787 1094 855; x_wconf 78' lang='grc'>227</span> 
     </span>
    </p>
   </div>
   <div class='ocr_carea' id='block_1_2' title="bbox 74 912 1097 1104">
    <p class='ocr_par' dir='ltr' id='par_1_2' title="bbox 74 912 1097 1104">
     <span class='ocr_line' id='line_1_2' title="bbox 75 912 1097 1011; baseline 0.003 -24"><span class='ocrx_word' id='word_1_5' title='bbox 75 912 132 996; x_wconf 73' lang='grc' dir='ltr'>(1Πὶ</span> <span class='ocrx_word' id='word_1_6' title='bbox 147 922 276 1007; x_wconf 90' lang='lat' dir='ltr'>primum</span> <span class='ocrx_word' id='word_1_7' title='bbox 288 922 440 1008; x_wconf 91' lang='lat' dir='ltr'>impetum</span> <span class='ocrx_word' id='word_1_8' title='bbox 454 924 626 989; x_wconf 78' lang='lat' dir='ltr'>sustineant</span> <span class='ocrx_word' id='word_1_9' title='bbox 638 945 675 989; x_wconf 90' lang='lat' dir='ltr'>ac</span> <span class='ocrx_word' id='word_1_10' title='bbox 688 934 845 988; x_wconf 89' lang='lat' dir='ltr'>morentur</span> <span class='ocrx_word' id='word_1_11' title='bbox 849 948 859 1002; x_wconf 83' lang='lat'>3</span> <span class='ocrx_word' id='word_1_12' title='bbox 876 924 944 1011; x_wconf 89' lang='lat' dir='ltr'>ipse</span> <span class='ocrx_word' id='word_1_13' title='bbox 957 923 1097 990; x_wconf 81' lang='lat' dir='ltr'>celeriter</span> 
     </span>
     <span class='ocr_line' id='line_1_3' title="bbox 74 1004 1096 1104; baseline 0.004 -23"><span class='ocrx_word' id='word_1_14' title='bbox 74 1004 113 1072; x_wconf 74' lang='lat' dir='ltr'>ul)</span> <span class='ocrx_word' id='word_1_15' title='bbox 143 1037 230 1103; x_wconf 85' lang='lat' dir='ltr'>opere</span> <span class='ocrx_word' id='word_1_16' title='bbox 252 1019 396 1083; x_wconf 87' lang='lat' dir='ltr'>deductis</span> <span class='ocrx_word' id='word_1_17' title='bbox 418 1018 594 1104; x_wconf 79' lang='lat' dir='ltr'>legionibus</span> <span class='ocrx_word' id='word_1_18' title='bbox 617 1017 715 1083; x_wconf 86' lang='lat' dir='ltr'>aciem</span> <span class='ocrx_word' id='word_1_19' title='bbox 737 1018 870 1083; x_wconf 79' lang='lat' dir='ltr'>instruit</span> <span class='ocrx_word' id='word_1_20' title='bbox 914 1018 1096 1104; x_wconf 85' lang='lat' dir='ltr'>equitesque</span> 
     </span>
    </p>
   </div>
   <div class='ocr_carea' id='block_1_3' title="bbox 10 1111 1230 4581">
    <p class='ocr_par' dir='ltr' id='par_1_3' title="bbox 10 1111 1230 4581">
     <span class='ocr_line' id='line_1_4' title="bbox 72 1111 1096 1200; baseline 0.002 -24"><span class='ocrx_word' id='word_1_21' title='bbox 72 1112 272 1177; x_wconf 80' lang='lat' dir='ltr'>committunt</span> <span class='ocrx_word' id='word_1_22' title='bbox 288 1112 441 1197; x_wconf 88' lang='lat' dir='ltr'>proelium</span> <span class='ocrx_word' id='word_1_23' title='bbox 459 1123 503 1189; x_wconf 90' lang='lat' dir='ltr'>et,</span> <span class='ocrx_word' id='word_1_24' title='bbox 526 1112 708 1198; x_wconf 80' lang='lat' dir='ltr'>priusquam</span> <span class='ocrx_word' id='word_1_25' title='bbox 729 1111 821 1197; x_wconf 91' lang='lat' dir='ltr'>plane</span> <span class='ocrx_word' id='word_1_26' title='bbox 842 1112 982 1199; x_wconf 86' lang='lat' dir='ltr'>legiones</span> <span class='ocrx_word' id='word_1_27' title='bbox 999 1114 1096 1200; x_wconf 89' lang='lat' dir='ltr'>expli-</span> 
     </span>
     <span class='ocr_line' id='line_1_5' title="bbox 70 1201 1097 1292; baseline 0.007 -26"><span class='ocrx_word' id='word_1_28' title='bbox 70 1201 147 1266; x_wconf 73' lang='lat' dir='ltr'>cari</span> <span class='ocrx_word' id='word_1_29' title='bbox 164 1216 190 1270; x_wconf 88' lang='lat' dir='ltr'>et</span> <span class='ocrx_word' id='word_1_30' title='bbox 210 1206 379 1271; x_wconf 82' lang='lat' dir='ltr'>consistere</span> <span class='ocrx_word' id='word_1_31' title='bbox 401 1216 544 1291; x_wconf 81' lang='lat' dir='ltr'>possent,</span> <span class='ocrx_word' id='word_1_32' title='bbox 572 1216 636 1271; x_wconf 88' lang='lat' dir='ltr'>tota</span> <span class='ocrx_word' id='word_1_33' title='bbox 658 1205 774 1270; x_wconf 89' lang='lat' dir='ltr'>auxilia</span> <span class='ocrx_word' id='word_1_34' title='bbox 794 1206 877 1292; x_wconf 90' lang='lat' dir='ltr'>regis</span> <span class='ocrx_word' id='word_1_35' title='bbox 894 1206 1043 1292; x_wconf 90' lang='lat' dir='ltr'>impedita</span> <span class='ocrx_word' id='word_1_36' title='bbox 1060 1230 1097 1274; x_wconf 90' lang='lat' dir='ltr'>ao</span> 
     </span>
     <span class='ocr_line' id='line_1_6' title="bbox 67 1299 1095 1383; baseline 0.002 -21"><span class='ocrx_word' id='word_1_37' title='bbox 67 1299 263 1377; x_wconf 75' lang='lat' dir='ltr'>perturbata,</span> <span class='ocrx_word' id='word_1_38' title='bbox 282 1299 368 1383; x_wconf 91' lang='lat' dir='ltr'>quod</span> <span class='ocrx_word' id='word_1_39' title='bbox 384 1299 469 1364; x_wconf 90' lang='lat' dir='ltr'>nullo</span> <span class='ocrx_word' id='word_1_40' title='bbox 487 1300 594 1364; x_wconf 90' lang='lat' dir='ltr'>ordine</span> <span class='ocrx_word' id='word_1_41' title='bbox 613 1310 644 1364; x_wconf 92' lang='lat' dir='ltr'>et</span> <span class='ocrx_word' id='word_1_42' title='bbox 662 1300 729 1364; x_wconf 86' lang='lat' dir='ltr'>sine</span> <span class='ocrx_word' id='word_1_43' title='bbox 746 1300 857 1364; x_wconf 88' lang='lat' dir='ltr'>timore</span> <span class='ocrx_word' id='word_1_44' title='bbox 874 1299 933 1364; x_wconf 89' lang='lat' dir='ltr'>iter</span> <span class='ocrx_word' id='word_1_45' title='bbox 949 1299 1095 1378; x_wconf 85' lang='lat' dir='ltr'>fecerant,</span> 
     </span>
     <span class='ocr_line' id='line_1_7' title="bbox 65 1385 1097 1480; baseline 0.004 -25"><span class='ocrx_word' id='word_1_46' title='bbox 65 1385 98 1449; x_wconf 81' lang='lat' dir='ltr'>iu</span> <span class='ocrx_word' id='word_1_47' title='bbox 124 1390 235 1480; x_wconf 80' lang='lat' dir='ltr'>fugam</span> <span class='ocrx_word' id='word_1_48' title='bbox 251 1393 409 1458; x_wconf 90' lang='lat' dir='ltr'>coniciunt</span> <span class='ocrx_word' id='word_1_49' title='bbox 426 1394 625 1478; x_wconf 90' lang='lat' dir='ltr'>equitatuque</span> <span class='ocrx_word' id='word_1_50' title='bbox 643 1393 728 1457; x_wconf 92' lang='lat' dir='ltr'>omni</span> <span class='ocrx_word' id='word_1_51' title='bbox 745 1392 810 1458; x_wconf 86' lang='lat' dir='ltr'>lere</span> <span class='ocrx_word' id='word_1_52' title='bbox 827 1393 990 1470; x_wconf 90' lang='lat' dir='ltr'>incolumi,</span> <span class='ocrx_word' id='word_1_53' title='bbox 1012 1395 1097 1478; x_wconf 91' lang='lat' dir='ltr'>quod</span> 
     </span>
     <span class='ocr_line' id='line_1_8' title="bbox 64 1487 1097 1574; baseline 0 -22"><span class='ocrx_word' id='word_1_54' title='bbox 64 1499 102 1544; x_wconf 69' lang='lat' dir='ltr'>⁸ss</span> <span class='ocrx_word' id='word_1_55' title='bbox 125 1507 185 1573; x_wconf 86' lang='lat' dir='ltr'>per</span> <span class='ocrx_word' id='word_1_56' title='bbox 199 1488 291 1552; x_wconf 87' lang='lat' dir='ltr'>litora</span> <span class='ocrx_word' id='word_1_57' title='bbox 308 1488 448 1552; x_wconf 88' lang='lat' dir='ltr'>celeriter</span> <span class='ocrx_word' id='word_1_58' title='bbox 464 1488 497 1551; x_wconf 90' lang='lat' dir='ltr'>in</span> <span class='ocrx_word' id='word_1_59' title='bbox 514 1488 664 1572; x_wconf 90' lang='lat' dir='ltr'>oppidum</span> <span class='ocrx_word' id='word_1_60' title='bbox 685 1487 816 1572; x_wconf 91' lang='lat' dir='ltr'>recepit,</span> <span class='ocrx_word' id='word_1_61' title='bbox 843 1509 993 1574; x_wconf 90' lang='lat' dir='ltr'>magnum</span> <span class='ocrx_word' id='word_1_62' title='bbox 1010 1488 1097 1573; x_wconf 93' lang='lat' dir='ltr'>pedi-</span> 
     </span>
     <span class='ocr_line' id='line_1_9' title="bbox 63 1582 1230 1667; baseline -0.001 -21"><span class='ocrx_word' id='word_1_63' title='bbox 63 1586 147 1646; x_wconf 72' lang='lat' dir='ltr'>tum</span> <span class='ocrx_word' id='word_1_64' title='bbox 173 1604 335 1647; x_wconf 91' lang='lat' dir='ltr'>numerum</span> <span class='ocrx_word' id='word_1_65' title='bbox 365 1582 561 1646; x_wconf 88' lang='lat' dir='ltr'>interficiunt.</span> <span class='ocrx_word' id='word_1_66' title='bbox 609 1582 751 1667; x_wconf 90' lang='lat' dir='ltr'>proxima</span> <span class='ocrx_word' id='word_1_67' title='bbox 780 1592 871 1646; x_wconf 91' lang='lat' dir='ltr'>nocte</span> <span class='ocrx_word' id='word_1_68' title='bbox 902 1582 1096 1648; x_wconf 83' lang='lat' dir='ltr'>centuriones</span> <span class='ocrx_word' id='word_1_69' title='bbox 1115 1601 1146 1650; x_wconf 74' lang='lat' dir='ltr'>er</span> <span class='ocrx_word' id='word_1_70' title='bbox 1227 1640 1230 1645; x_wconf 24' lang='lat'><strong>⁴</strong></span> 
     </span>
     <span class='ocr_line' id='line_1_10' title="bbox 63 1666 1097 1762; baseline -0.002 -21"><span class='ocrx_word' id='word_1_71' title='bbox 63 1666 177 1741; x_wconf 79' lang='lat' dir='ltr'>Marsi</span> <span class='ocrx_word' id='word_1_72' title='bbox 201 1677 264 1741; x_wconf 92' lang='lat' dir='ltr'>duo</span> <span class='ocrx_word' id='word_1_73' title='bbox 291 1698 330 1741; x_wconf 91' lang='lat' dir='ltr'>ex</span> <span class='ocrx_word' id='word_1_74' title='bbox 357 1676 466 1740; x_wconf 86' lang='lat' dir='ltr'>eastris</span> <span class='ocrx_word' id='word_1_75' title='bbox 489 1674 636 1740; x_wconf 92' lang='lat' dir='ltr'>Curionis</span> <span class='ocrx_word' id='word_1_76' title='bbox 663 1698 734 1740; x_wconf 89' lang='lat' dir='ltr'>eum</span> <span class='ocrx_word' id='word_1_77' title='bbox 760 1675 1005 1762; x_wconf 83' lang='lat' dir='ltr'>manipularibus</span> <span class='ocrx_word' id='word_1_78' title='bbox 1031 1677 1097 1742; x_wconf 90' lang='lat' dir='ltr'>suis</span> 
     </span>
     <span class='ocr_line' id='line_1_11' title="bbox 64 1761 1097 1856; baseline 0 -21"><span class='ocrx_word' id='word_1_79' title='bbox 64 1761 185 1835; x_wconf 73' lang='lat' dir='ltr'>XXII</span> <span class='ocrx_word' id='word_1_80' title='bbox 201 1772 242 1837; x_wconf 90' lang='lat' dir='ltr'>ad</span> <span class='ocrx_word' id='word_1_81' title='bbox 258 1769 383 1835; x_wconf 86' lang='lat' dir='ltr'>Attium</span> <span class='ocrx_word' id='word_1_82' title='bbox 401 1769 520 1834; x_wconf 90' lang='lat' dir='ltr'>Varum</span> <span class='ocrx_word' id='word_1_83' title='bbox 537 1770 727 1856; x_wconf 85' lang='lat' dir='ltr'>perfugiunt.</span> <span class='ocrx_word' id='word_1_84' title='bbox 763 1770 809 1846; x_wconf 93' lang='lat' dir='ltr'>hi,</span> <span class='ocrx_word' id='word_1_85' title='bbox 828 1771 894 1835; x_wconf 87' lang='lat' dir='ltr'>aive</span> <span class='ocrx_word' id='word_1_86' title='bbox 911 1793 985 1837; x_wconf 85' lang='lat' dir='ltr'>vere</span> <span class='ocrx_word' id='word_1_87' title='bbox 1002 1791 1097 1854; x_wconf 91' lang='lat' dir='ltr'>quam</span> 
     </span>
     <span class='ocr_line' id='line_1_12' title="bbox 67 1859 1096 1951; baseline 0.007 -27"><span class='ocrx_word' id='word_1_88' title='bbox 67 1859 248 1931; x_wconf 84' lang='lat' dir='ltr'>habuerant</span> <span class='ocrx_word' id='word_1_89' title='bbox 266 1866 443 1951; x_wconf 89' lang='lat' dir='ltr'>opinionem</span> <span class='ocrx_word' id='word_1_90' title='bbox 457 1865 497 1929; x_wconf 88' lang='lat' dir='ltr'>ad</span> <span class='ocrx_word' id='word_1_91' title='bbox 511 1888 583 1930; x_wconf 89' lang='lat' dir='ltr'>eum</span> <span class='ocrx_word' id='word_1_92' title='bbox 595 1865 764 1950; x_wconf 86' lang='lat' dir='ltr'>perferunt,</span> <span class='ocrx_word' id='word_1_93' title='bbox 783 1866 850 1931; x_wconf 88' lang='lat' dir='ltr'>sive</span> <span class='ocrx_word' id='word_1_94' title='bbox 864 1865 957 1931; x_wconf 89' lang='lat' dir='ltr'>etiam</span> <span class='ocrx_word' id='word_1_95' title='bbox 969 1865 1096 1932; x_wconf 89' lang='lat' dir='ltr'>auribus</span> 
     </span>
     <span class='ocr_line' id='line_1_13' title="bbox 70 1948 1098 2042; baseline 0.001 -19"><span class='ocrx_word' id='word_1_96' title='bbox 70 1948 156 2023; x_wconf 77' lang='lat' dir='ltr'>Vari</span> <span class='ocrx_word' id='word_1_97' title='bbox 176 1959 313 2025; x_wconf 84' lang='lat' dir='ltr'>serviunt</span> <span class='ocrx_word' id='word_1_98' title='bbox 337 1959 438 2042; x_wconf 83' lang='lat' dir='ltr'>(nam,</span> <span class='ocrx_word' id='word_1_99' title='bbox 461 1981 541 2042; x_wconf 90' lang='lat' dir='ltr'>quae</span> <span class='ocrx_word' id='word_1_100' title='bbox 562 1959 722 2036; x_wconf 88' lang='lat' dir='ltr'>volumus,</span> <span class='ocrx_word' id='word_1_101' title='bbox 745 1968 776 2025; x_wconf 90' lang='lat' dir='ltr'>et</span> <span class='ocrx_word' id='word_1_102' title='bbox 794 1959 949 2025; x_wconf 91' lang='lat' dir='ltr'>eredimus</span> <span class='ocrx_word' id='word_1_103' title='bbox 966 1959 1098 2025; x_wconf 88' lang='lat' dir='ltr'>libenter</span> 
     </span>
     <span class='ocr_line' id='line_1_14' title="bbox 77 2053 1098 2139; baseline -0.001 -20"><span class='ocrx_word' id='word_1_104' title='bbox 77 2056 120 2126; x_wconf 70' lang='lat' dir='ltr'>el,</span> <span class='ocrx_word' id='word_1_105' title='bbox 139 2075 214 2138; x_wconf 90' lang='lat' dir='ltr'>quae</span> <span class='ocrx_word' id='word_1_106' title='bbox 232 2054 384 2119; x_wconf 87' lang='lat' dir='ltr'>sentimus</span> <span class='ocrx_word' id='word_1_107' title='bbox 401 2053 471 2138; x_wconf 89' lang='lat' dir='ltr'>ipsi,</span> <span class='ocrx_word' id='word_1_108' title='bbox 490 2053 626 2137; x_wconf 88' lang='lat' dir='ltr'>reliquos</span> <span class='ocrx_word' id='word_1_109' title='bbox 645 2054 759 2118; x_wconf 91' lang='lat' dir='ltr'>sentire</span> <span class='ocrx_word' id='word_1_110' title='bbox 776 2055 967 2139; x_wconf 87' lang='lat' dir='ltr'>speramus),</span> <span class='ocrx_word' id='word_1_111' title='bbox 986 2053 1098 2119; x_wconf 86' lang='lat' dir='ltr'>confir-</span> 
     </span>
     <span class='ocr_line' id='line_1_15' title="bbox 81 2146 1099 2232; baseline 0 -21"><span class='ocrx_word' id='word_1_112' title='bbox 81 2158 164 2211; x_wconf 80' lang='lat' dir='ltr'>mant</span> <span class='ocrx_word' id='word_1_113' title='bbox 179 2148 305 2232; x_wconf 86' lang='lat' dir='ltr'>quidem</span> <span class='ocrx_word' id='word_1_114' title='bbox 323 2156 406 2212; x_wconf 89' lang='lat' dir='ltr'>certe</span> <span class='ocrx_word' id='word_1_115' title='bbox 428 2146 523 2212; x_wconf 87' lang='lat' dir='ltr'>totius</span> <span class='ocrx_word' id='word_1_116' title='bbox 541 2147 695 2212; x_wconf 85' lang='lat' dir='ltr'>exereitus</span> <span class='ocrx_word' id='word_1_117' title='bbox 713 2147 832 2213; x_wconf 90' lang='lat' dir='ltr'>animos</span> <span class='ocrx_word' id='word_1_118' title='bbox 855 2147 972 2212; x_wconf 90' lang='lat' dir='ltr'>alienos</span> <span class='ocrx_word' id='word_1_119' title='bbox 991 2168 1062 2212; x_wconf 89' lang='lat' dir='ltr'>esse</span> <span class='ocrx_word' id='word_1_120' title='bbox 1079 2170 1099 2210; x_wconf 92' lang='lat' dir='ltr'>a</span> 
     </span>
     <span class='ocr_line' id='line_1_16' title="bbox 87 2230 1098 2326; baseline -0.001 -21"><span class='ocrx_word' id='word_1_121' title='bbox 87 2230 213 2306; x_wconf 75' lang='lat' dir='ltr'>Curione</span> <span class='ocrx_word' id='word_1_122' title='bbox 235 2241 432 2325; x_wconf 80' lang='lat' dir='ltr'>maximeque</span> <span class='ocrx_word' id='word_1_123' title='bbox 454 2263 534 2325; x_wconf 90' lang='lat' dir='ltr'>opus</span> <span class='ocrx_word' id='word_1_124' title='bbox 557 2263 628 2306; x_wconf 88' lang='lat' dir='ltr'>esse</span> <span class='ocrx_word' id='word_1_125' title='bbox 650 2241 683 2304; x_wconf 91' lang='lat' dir='ltr'>in</span> <span class='ocrx_word' id='word_1_126' title='bbox 704 2251 906 2326; x_wconf 86' lang='lat' dir='ltr'>conspectum</span> <span class='ocrx_word' id='word_1_127' title='bbox 927 2239 1098 2306; x_wconf 87' lang='lat' dir='ltr'>exercitum</span> 
     </span>
     <span class='ocr_line' id='line_1_17' title="bbox 92 2333 1098 2420; baseline -0.001 -21"><span class='ocrx_word' id='word_1_128' title='bbox 92 2334 230 2399; x_wconf 72' lang='lat' dir='ltr'>remeet</span> <span class='ocrx_word' id='word_1_129' title='bbox 250 2333 447 2418; x_wconf 89' lang='lat' dir='ltr'>colloquendi</span> <span class='ocrx_word' id='word_1_130' title='bbox 469 2335 542 2399; x_wconf 90' lang='lat' dir='ltr'>dare</span> <span class='ocrx_word' id='word_1_131' title='bbox 564 2333 753 2399; x_wconf 84' lang='lat' dir='ltr'>facultatem.</span> <span class='ocrx_word' id='word_1_132' title='bbox 796 2357 860 2420; x_wconf 91' lang='lat' dir='ltr'>qua</span> <span class='ocrx_word' id='word_1_133' title='bbox 881 2334 1026 2420; x_wconf 89' lang='lat' dir='ltr'>opinione</span> <span class='ocrx_word' id='word_1_134' title='bbox 1042 2334 1098 2398; x_wconf 91' lang='lat' dir='ltr'>ad·</span> 
     </span>
     <span class='ocr_line' id='line_1_18' title="bbox 96 2419 1096 2515; baseline 0 -24"><span class='ocrx_word' id='word_1_135' title='bbox 96 2419 187 2492; x_wconf 79' lang='lat' dir='ltr'>dutus</span> <span class='ocrx_word' id='word_1_136' title='bbox 200 2427 305 2493; x_wconf 83' lang='lat' dir='ltr'>Varus</span> <span class='ocrx_word' id='word_1_137' title='bbox 324 2444 448 2514; x_wconf 89' lang='lat' dir='ltr'>postero</span> <span class='ocrx_word' id='word_1_138' title='bbox 466 2428 517 2492; x_wconf 91' lang='lat' dir='ltr'>die</span> <span class='ocrx_word' id='word_1_139' title='bbox 535 2451 626 2492; x_wconf 91' lang='lat' dir='ltr'>mane</span> <span class='ocrx_word' id='word_1_140' title='bbox 643 2428 783 2515; x_wconf 84' lang='lat' dir='ltr'>legiones</span> <span class='ocrx_word' id='word_1_141' title='bbox 801 2429 969 2495; x_wconf 87' lang='lat' dir='ltr'>ex.cast1is</span> <span class='ocrx_word' id='word_1_142' title='bbox 982 2427 1096 2493; x_wconf 85' lang='lat' dir='ltr'>educit.</span> 
     </span>
     <span class='ocr_line' id='line_1_19' title="bbox 98 2514 1098 2609; baseline 0 -24"><span class='ocrx_word' id='word_1_143' title='bbox 98 2514 155 2585; x_wconf 79' lang='lat' dir='ltr'>lucit</span> <span class='ocrx_word' id='word_1_144' title='bbox 171 2522 255 2588; x_wconf 91' lang='lat' dir='ltr'>idem</span> <span class='ocrx_word' id='word_1_145' title='bbox 278 2521 389 2598; x_wconf 90' lang='lat' dir='ltr'>Curio,</span> <span class='ocrx_word' id='word_1_146' title='bbox 416 2533 509 2606; x_wconf 90' lang='lat' dir='ltr'>atque</span> <span class='ocrx_word' id='word_1_147' title='bbox 531 2545 594 2586; x_wconf 90' lang='lat' dir='ltr'>una</span> <span class='ocrx_word' id='word_1_148' title='bbox 615 2523 697 2587; x_wconf 87' lang='lat' dir='ltr'>valle</span> <span class='ocrx_word' id='word_1_149' title='bbox 718 2545 781 2587; x_wconf 91' lang='lat' dir='ltr'>non</span> <span class='ocrx_word' id='word_1_150' title='bbox 802 2545 918 2609; x_wconf 86' lang='lat' dir='ltr'>magna</span> <span class='ocrx_word' id='word_1_151' title='bbox 938 2521 1098 2586; x_wconf 85' lang='lat' dir='ltr'>interiecta</span> 
     </span>
     <span class='ocr_line' id='line_1_20' title="bbox 10 2612 1147 2701; baseline -0.004 -18"><span class='ocrx_word' id='word_1_152' title='bbox 10 2678 18 2683; x_wconf 93' lang='lat'>.</span> <span class='ocrx_word' id='word_1_153' title='bbox 101 2628 154 2679; x_wconf 78' lang='lat' dir='ltr'>tuas</span> <span class='ocrx_word' id='word_1_154' title='bbox 168 2626 298 2699; x_wconf 91' lang='lat' dir='ltr'>uterque</span> <span class='ocrx_word' id='word_1_155' title='bbox 316 2616 422 2701; x_wconf 91' lang='lat' dir='ltr'>copias</span> <span class='ocrx_word' id='word_1_156' title='bbox 440 2616 573 2680; x_wconf 85' lang='lat' dir='ltr'>instruit.</span> <span class='ocrx_word' id='word_1_157' title='bbox 601 2626 666 2680; x_wconf 88' lang='lat' dir='ltr'>erat</span> <span class='ocrx_word' id='word_1_158' title='bbox 683 2617 715 2679; x_wconf 94' lang='lat' dir='ltr'>in</span> <span class='ocrx_word' id='word_1_159' title='bbox 734 2615 870 2679; x_wconf 87' lang='lat' dir='ltr'>exercitu</span> <span class='ocrx_word' id='word_1_160' title='bbox 888 2613 966 2679; x_wconf 88' lang='lat' dir='ltr'>Vari</span> <span class='ocrx_word' id='word_1_161' title='bbox 980 2612 1096 2680; x_wconf 84' lang='lat' dir='ltr'>Sextus</span> <span class='ocrx_word' id='word_1_162' title='bbox 1115 2633 1147 2680; x_wconf 81' lang='lat' dir='ltr'>aa</span> 
     </span>
     <span class='ocr_line' id='line_1_21' title="bbox 100 2701 1098 2794; baseline -0.004 -20"><span class='ocrx_word' id='word_1_163' title='bbox 100 2701 247 2786; x_wconf 82' lang='lat' dir='ltr'>Quintilius</span> <span class='ocrx_word' id='word_1_164' title='bbox 260 2709 376 2788; x_wconf 89' lang='lat' dir='ltr'>Varus,</span> <span class='ocrx_word' id='word_1_165' title='bbox 395 2732 488 2794; x_wconf 91' lang='lat' dir='ltr'>quem</span> <span class='ocrx_word' id='word_1_166' title='bbox 501 2709 600 2774; x_wconf 88' lang='lat' dir='ltr'>fuisse</span> <span class='ocrx_word' id='word_1_167' title='bbox 615 2708 733 2774; x_wconf 87' lang='lat' dir='ltr'>Corfini</span> <span class='ocrx_word' id='word_1_168' title='bbox 747 2731 841 2794; x_wconf 90' lang='lat' dir='ltr'>supra</span> <span class='ocrx_word' id='word_1_169' title='bbox 853 2708 1098 2773; x_wconf 89' lang='lat' dir='ltr'>demonstratum</span> 
     </span>
     <span class='ocr_line' id='line_1_22' title="bbox 101 2800 1098 2887; baseline 0 -24"><span class='ocrx_word' id='word_1_170' title='bbox 101 2811 140 2866; x_wconf 80' lang='lat' dir='ltr'>aa</span> <span class='ocrx_word' id='word_1_171' title='bbox 162 2803 210 2871; x_wconf 91' lang='lat' dir='ltr'>bio</span> <span class='ocrx_word' id='word_1_172' title='bbox 227 2805 377 2869; x_wconf 89' lang='lat' dir='ltr'>dimissus</span> <span class='ocrx_word' id='word_1_173' title='bbox 395 2827 415 2869; x_wconf 93' lang='lat' dir='ltr'>a</span> <span class='ocrx_word' id='word_1_174' title='bbox 433 2802 568 2868; x_wconf 88' lang='lat' dir='ltr'>Caesare</span> <span class='ocrx_word' id='word_1_175' title='bbox 586 2804 620 2867; x_wconf 92' lang='lat' dir='ltr'>in</span> <span class='ocrx_word' id='word_1_176' title='bbox 632 2803 775 2868; x_wconf 79' lang='lat' dir='ltr'>Africam</span> <span class='ocrx_word' id='word_1_177' title='bbox 792 2810 927 2879; x_wconf 88' lang='lat' dir='ltr'>venerat,</span> <span class='ocrx_word' id='word_1_178' title='bbox 944 2800 1098 2887; x_wconf 89' lang='lat' dir='ltr'>legiones-</span> 
     </span>
     <span class='ocr_line' id='line_1_23' title="bbox 101 2893 1097 2983; baseline -0.003 -23"><span class='ocrx_word' id='word_1_179' title='bbox 101 2911 144 2974; x_wconf 85' lang='lat' dir='ltr'>que</span> <span class='ocrx_word' id='word_1_180' title='bbox 161 2919 212 2964; x_wconf 89' lang='lat' dir='ltr'>eas</span> <span class='ocrx_word' id='word_1_181' title='bbox 233 2899 414 2963; x_wconf 86' lang='lat' dir='ltr'>traduxerat</span> <span class='ocrx_word' id='word_1_182' title='bbox 433 2896 544 2976; x_wconf 90' lang='lat' dir='ltr'>Curio,</span> <span class='ocrx_word' id='word_1_183' title='bbox 571 2920 650 2981; x_wconf 91' lang='lat' dir='ltr'>quas</span> <span class='ocrx_word' id='word_1_184' title='bbox 674 2895 884 2983; x_wconf 86' lang='lat' dir='ltr'>superioribus</span> <span class='ocrx_word' id='word_1_185' title='bbox 906 2893 1097 2980; x_wconf 89' lang='lat' dir='ltr'>temporibus</span> 
     </span>
     <span class='ocr_line' id='line_1_24' title="bbox 102 2984 1098 3076; baseline -0.006 -19"><span class='ocrx_word' id='word_1_186' title='bbox 102 2984 216 3057; x_wconf 74' lang='lat' dir='ltr'>Corfinio</span> <span class='ocrx_word' id='word_1_187' title='bbox 232 3003 392 3076; x_wconf 84' lang='lat' dir='ltr'>receperat</span> <span class='ocrx_word' id='word_1_188' title='bbox 410 2990 542 3069; x_wconf 89' lang='lat' dir='ltr'>Caesar,</span> <span class='ocrx_word' id='word_1_189' title='bbox 565 2992 644 3056; x_wconf 91' lang='lat' dir='ltr'>adeo</span> <span class='ocrx_word' id='word_1_190' title='bbox 662 3002 697 3055; x_wconf 91' lang='lat' dir='ltr'>ut</span> <span class='ocrx_word' id='word_1_191' title='bbox 717 2990 826 3075; x_wconf 89' lang='lat' dir='ltr'>paucis</span> <span class='ocrx_word' id='word_1_192' title='bbox 848 2989 975 3054; x_wconf 89' lang='lat' dir='ltr'>mutatis</span> <span class='ocrx_word' id='word_1_193' title='bbox 992 2997 1098 3052; x_wconf 89' lang='lat' dir='ltr'>centu·</span> 
     </span>
     <span class='ocr_line' id='line_1_25' title="bbox 103 3079 1097 3170; baseline -0.003 -22"><span class='ocrx_word' id='word_1_194' title='bbox 103 3079 213 3151; x_wconf 82' lang='lat' dir='ltr'>tionibus</span> <span class='ocrx_word' id='word_1_195' title='bbox 230 3086 328 3150; x_wconf 92' lang='lat' dir='ltr'>iidem</span> <span class='ocrx_word' id='word_1_196' title='bbox 345 3085 469 3150; x_wconf 87' lang='lat' dir='ltr'>ordines</span> <span class='ocrx_word' id='word_1_197' title='bbox 487 3085 699 3170; x_wconf 88' lang='lat' dir='ltr'>manipulique</span> <span class='ocrx_word' id='word_1_198' title='bbox 718 3094 904 3149; x_wconf 77' lang='lat' dir='ltr'>constarent</span> <span class='ocrx_word' id='word_1_199' title='bbox 942 3082 1025 3146; x_wconf 88' lang='lat' dir='ltr'>hane</span> <span class='ocrx_word' id='word_1_200' title='bbox 1042 3104 1097 3146; x_wconf 90' lang='lat' dir='ltr'>na-</span> 
     </span>
     <span class='ocr_line' id='line_1_26' title="bbox 103 3174 1099 3266; baseline -0.002 -24"><span class='ocrx_word' id='word_1_201' title='bbox 103 3183 152 3242; x_wconf 74' lang='lat' dir='ltr'>ctus</span> <span class='ocrx_word' id='word_1_202' title='bbox 166 3179 378 3266; x_wconf 86' lang='lat' dir='ltr'>appellationis</span> <span class='ocrx_word' id='word_1_203' title='bbox 396 3201 523 3244; x_wconf 86' lang='lat' dir='ltr'>causam</span> <span class='ocrx_word' id='word_1_204' title='bbox 538 3178 709 3261; x_wconf 86' lang='lat' dir='ltr'>Quintilius</span> <span class='ocrx_word' id='word_1_205' title='bbox 727 3178 856 3243; x_wconf 86' lang='lat' dir='ltr'>circuire</span> <span class='ocrx_word' id='word_1_206' title='bbox 874 3176 973 3242; x_wconf 89' lang='lat' dir='ltr'>aciem</span> <span class='ocrx_word' id='word_1_207' title='bbox 987 3174 1099 3240; x_wconf 89' lang='lat' dir='ltr'>Curio-</span> 
     </span>
     <span class='ocr_line' id='line_1_27' title="bbox 103 3266 1097 3364; baseline 0.001 -31"><span class='ocrx_word' id='word_1_208' title='bbox 103 3266 138 3333; x_wconf 83' lang='lat' dir='ltr'>uis</span> <span class='ocrx_word' id='word_1_209' title='bbox 151 3280 235 3358; x_wconf 82' lang='lat' dir='ltr'>atque</span> <span class='ocrx_word' id='word_1_210' title='bbox 252 3271 416 3338; x_wconf 89' lang='lat' dir='ltr'>obsecrare</span> <span class='ocrx_word' id='word_1_211' title='bbox 434 3273 547 3338; x_wconf 88' lang='lat' dir='ltr'>milites</span> <span class='ocrx_word' id='word_1_212' title='bbox 566 3275 676 3358; x_wconf 88' lang='lat' dir='ltr'>eoepit,</span> <span class='ocrx_word' id='word_1_213' title='bbox 694 3295 734 3338; x_wconf 91' lang='lat' dir='ltr'>ne</span> <span class='ocrx_word' id='word_1_214' title='bbox 751 3273 884 3359; x_wconf 88' lang='lat' dir='ltr'>primam</span> <span class='ocrx_word' id='word_1_215' title='bbox 902 3271 1097 3364; x_wconf 85' lang='lat' dir='ltr'>sacramenti,</span> 
     </span>
     <span class='ocr_line' id='line_1_28' title="bbox 105 3364 1097 3453; baseline -0.001 -24"><span class='ocrx_word' id='word_1_216' title='bbox 105 3364 168 3441; x_wconf 83' lang='lat' dir='ltr'>quod</span> <span class='ocrx_word' id='word_1_217' title='bbox 180 3366 262 3453; x_wconf 91' lang='lat' dir='ltr'>apud</span> <span class='ocrx_word' id='word_1_218' title='bbox 275 3366 452 3432; x_wconf 89' lang='lat' dir='ltr'>Domitium</span> <span class='ocrx_word' id='word_1_219' title='bbox 470 3376 562 3450; x_wconf 90' lang='lat' dir='ltr'>atque</span> <span class='ocrx_word' id='word_1_220' title='bbox 580 3368 665 3452; x_wconf 88' lang='lat' dir='ltr'>apud</span> <span class='ocrx_word' id='word_1_221' title='bbox 679 3390 712 3432; x_wconf 92' lang='lat' dir='ltr'>se</span> <span class='ocrx_word' id='word_1_222' title='bbox 726 3378 922 3451; x_wconf 88' lang='lat' dir='ltr'>quaestorem</span> <span class='ocrx_word' id='word_1_223' title='bbox 936 3365 1097 3439; x_wconf 82' lang='lat' dir='ltr'>dixissent,</span> 
     </span>
     <span class='ocr_line' id='line_1_29' title="bbox 105 3459 1099 3548; baseline -0.001 -26"><span class='ocrx_word' id='word_1_224' title='bbox 105 3463 258 3528; x_wconf 76' lang='lat' dir='ltr'>memoriam</span> <span class='ocrx_word' id='word_1_225' title='bbox 280 3463 471 3548; x_wconf 91' lang='lat' dir='ltr'>deponerent</span> <span class='ocrx_word' id='word_1_226' title='bbox 492 3484 555 3526; x_wconf 89' lang='lat' dir='ltr'>neu</span> <span class='ocrx_word' id='word_1_227' title='bbox 575 3472 683 3526; x_wconf 89' lang='lat' dir='ltr'>eontra</span> <span class='ocrx_word' id='word_1_228' title='bbox 704 3484 758 3526; x_wconf 92' lang='lat' dir='ltr'>eos</span> <span class='ocrx_word' id='word_1_229' title='bbox 780 3484 867 3526; x_wconf 89' lang='lat' dir='ltr'>arma</span> <span class='ocrx_word' id='word_1_230' title='bbox 888 3459 1018 3536; x_wconf 86' lang='lat' dir='ltr'>ferrent,</span> <span class='ocrx_word' id='word_1_231' title='bbox 1045 3459 1099 3541; x_wconf 92' lang='lat' dir='ltr'>qui</span> 
     </span>
     <span class='ocr_line' id='line_1_30' title="bbox 107 3549 1098 3639; baseline -0.001 -24"><span class='ocrx_word' id='word_1_232' title='bbox 107 3549 188 3619; x_wconf 70' lang='lat' dir='ltr'>tudem</span> <span class='ocrx_word' id='word_1_233' title='bbox 204 3566 310 3621; x_wconf 88' lang='lat' dir='ltr'>essent</span> <span class='ocrx_word' id='word_1_234' title='bbox 327 3556 379 3620; x_wconf 91' lang='lat' dir='ltr'>usi</span> <span class='ocrx_word' id='word_1_235' title='bbox 395 3556 520 3620; x_wconf 84' lang='lat' dir='ltr'>fortuna</span> <span class='ocrx_word' id='word_1_236' title='bbox 537 3556 707 3639; x_wconf 90' lang='lat' dir='ltr'>eademque</span> <span class='ocrx_word' id='word_1_237' title='bbox 725 3556 758 3619; x_wconf 90' lang='lat' dir='ltr'>in</span> <span class='ocrx_word' id='word_1_238' title='bbox 775 3554 936 3619; x_wconf 91' lang='lat' dir='ltr'>obsidione</span> <span class='ocrx_word' id='word_1_239' title='bbox 949 3551 1098 3637; x_wconf 88' lang='lat' dir='ltr'>perpessi,</span> 
     </span>
     <span class='ocr_line' id='line_1_31' title="bbox 107 3645 1099 3737; baseline -0.009 -20"><span class='ocrx_word' id='word_1_240' title='bbox 107 3659 152 3708; x_wconf 70' lang='lat'>¹²0⁰</span> <span class='ocrx_word' id='word_1_241' title='bbox 163 3668 213 3732; x_wconf 90' lang='lat' dir='ltr'>pro</span> <span class='ocrx_word' id='word_1_242' title='bbox 229 3650 279 3716; x_wconf 90' lang='lat' dir='ltr'>his</span> <span class='ocrx_word' id='word_1_243' title='bbox 296 3660 482 3737; x_wconf 84' lang='lat' dir='ltr'>pugnarent,</span> <span class='ocrx_word' id='word_1_244' title='bbox 500 3674 520 3714; x_wconf 87' lang='lat' dir='ltr'>a</span> <span class='ocrx_word' id='word_1_245' title='bbox 536 3649 649 3734; x_wconf 89' lang='lat' dir='ltr'>quibus</span> <span class='ocrx_word' id='word_1_246' title='bbox 664 3671 735 3713; x_wconf 92' lang='lat' dir='ltr'>cum</span> <span class='ocrx_word' id='word_1_247' title='bbox 750 3647 935 3713; x_wconf 85' lang='lat' dir='ltr'>contumelia</span> <span class='ocrx_word' id='word_1_248' title='bbox 947 3645 1099 3730; x_wconf 84' lang='lat' dir='ltr'>perfugae</span> 
     </span>
     <span class='ocr_line' id='line_1_32' title="bbox 109 3739 1101 3829; baseline -0.009 -19"><span class='ocrx_word' id='word_1_249' title='bbox 109 3740 315 3823; x_wconf 68' lang='lat' dir='ltr'>⁸Pltcllrrrentur.</span> <span class='ocrx_word' id='word_1_250' title='bbox 342 3745 405 3810; x_wconf 93' lang='lat' dir='ltr'>huc</span> <span class='ocrx_word' id='word_1_251' title='bbox 421 3766 522 3829; x_wconf 86' lang='lat' dir='ltr'>pauca</span> <span class='ocrx_word' id='word_1_252' title='bbox 534 3744 575 3808; x_wconf 93' lang='lat' dir='ltr'>ad</span> <span class='ocrx_word' id='word_1_253' title='bbox 588 3766 676 3828; x_wconf 89' lang='lat' dir='ltr'>spem</span> <span class='ocrx_word' id='word_1_254' title='bbox 689 3742 860 3829; x_wconf 89' lang='lat' dir='ltr'>largitionis</span> <span class='ocrx_word' id='word_1_255' title='bbox 874 3739 1001 3815; x_wconf 87' lang='lat' dir='ltr'>addidit,</span> <span class='ocrx_word' id='word_1_256' title='bbox 1020 3759 1101 3823; x_wconf 91' lang='lat' dir='ltr'>quae</span> 
     </span>
     <span class='ocr_line' id='line_1_33' title="bbox 109 3824 1101 3920; baseline -0.01 -16"><span class='ocrx_word' id='word_1_257' title='bbox 109 3824 195 3903; x_wconf 64' lang='lat' dir='ltr'>*ltus</span> <span class='ocrx_word' id='word_1_258' title='bbox 210 3838 409 3915; x_wconf 89' lang='lat' dir='ltr'>liberalitate,</span> <span class='ocrx_word' id='word_1_259' title='bbox 432 3839 460 3903; x_wconf 87' lang='lat' dir='ltr'>si</span> <span class='ocrx_word' id='word_1_260' title='bbox 478 3861 512 3903; x_wconf 93' lang='lat' dir='ltr'>se</span> <span class='ocrx_word' id='word_1_261' title='bbox 529 3848 622 3920; x_wconf 87' lang='lat' dir='ltr'>atque</span> <span class='ocrx_word' id='word_1_262' title='bbox 639 3837 763 3902; x_wconf 87' lang='lat' dir='ltr'>Attium</span> <span class='ocrx_word' id='word_1_263' title='bbox 781 3837 881 3901; x_wconf 83' lang='lat' dir='ltr'>secuti</span> <span class='ocrx_word' id='word_1_264' title='bbox 903 3842 1022 3910; x_wconf 87' lang='lat' dir='ltr'>essent,</span> <span class='ocrx_word' id='word_1_265' title='bbox 1046 3854 1101 3896; x_wconf 91' lang='lat' dir='ltr'>ex·</span> 
     </span>
     <span class='ocr_line' id='line_1_34' title="bbox 110 3928 1101 4012; baseline -0.011 -12"><span class='ocrx_word' id='word_1_266' title='bbox 110 3937 219 4003; x_wconf 50' lang='lat' dir='ltr'>&#39;lutare</span> <span class='ocrx_word' id='word_1_267' title='bbox 235 3932 395 3998; x_wconf 80' lang='lat' dir='ltr'>deberent</span> <span class='ocrx_word' id='word_1_268' title='bbox 429 3933 489 3997; x_wconf 88' lang='lat' dir='ltr'>hae</span> <span class='ocrx_word' id='word_1_269' title='bbox 511 3931 619 3996; x_wconf 86' lang='lat' dir='ltr'>habita</span> <span class='ocrx_word' id='word_1_270' title='bbox 635 3932 774 3996; x_wconf 90' lang='lat' dir='ltr'>oratione</span> <span class='ocrx_word' id='word_1_271' title='bbox 792 3930 909 3994; x_wconf 90' lang='lat' dir='ltr'>nullam</span> <span class='ocrx_word' id='word_1_272' title='bbox 930 3928 963 3991; x_wconf 92' lang='lat' dir='ltr'>in</span> <span class='ocrx_word' id='word_1_273' title='bbox 980 3934 1101 4012; x_wconf 85' lang='lat' dir='ltr'>partem</span> 
     </span>
     <span class='ocr_line' id='line_1_35' title="bbox 110 4010 1101 4112; baseline -0.006 -23"><span class='ocrx_word' id='word_1_274' title='bbox 110 4010 275 4093; x_wconf 64' lang='lat' dir='ltr'>abuereitu</span> <span class='ocrx_word' id='word_1_275' title='bbox 289 4026 435 4093; x_wconf 87' lang='lat' dir='ltr'>Curionis</span> <span class='ocrx_word' id='word_1_276' title='bbox 454 4026 489 4090; x_wconf 85' lang='lat' dir='ltr'>fit</span> <span class='ocrx_word' id='word_1_277' title='bbox 507 4026 702 4112; x_wconf 86' lang='lat' dir='ltr'>significatio,</span> <span class='ocrx_word' id='word_1_278' title='bbox 720 4037 813 4109; x_wconf 89' lang='lat' dir='ltr'>atque</span> <span class='ocrx_word' id='word_1_279' title='bbox 827 4025 871 4089; x_wconf 91' lang='lat' dir='ltr'>ita</span> <span class='ocrx_word' id='word_1_280' title='bbox 885 4046 957 4089; x_wconf 92' lang='lat' dir='ltr'>suas</span> <span class='ocrx_word' id='word_1_281' title='bbox 970 4031 1101 4104; x_wconf 88' lang='lat' dir='ltr'>uterque</span> 
     </span>
     <span class='ocr_line' id='line_1_36' title="bbox 110 4111 1151 4205; baseline -0.006 -17"><span class='ocrx_word' id='word_1_282' title='bbox 110 4111 187 4197; x_wconf 64' lang='lat' dir='ltr'>Wpltu</span> <span class='ocrx_word' id='word_1_283' title='bbox 203 4121 332 4187; x_wconf 82' lang='lat' dir='ltr'>reducit.</span> <span class='ocrx_word' id='word_1_284' title='bbox 368 4132 401 4185; x_wconf 89' lang='lat' dir='ltr'>at</span> <span class='ocrx_word' id='word_1_285' title='bbox 417 4121 450 4184; x_wconf 93' lang='lat' dir='ltr'>in</span> <span class='ocrx_word' id='word_1_286' title='bbox 467 4119 576 4185; x_wconf 89' lang='lat' dir='ltr'>castris</span> <span class='ocrx_word' id='word_1_287' title='bbox 592 4118 737 4184; x_wconf 88' lang='lat' dir='ltr'>Curionis</span> <span class='ocrx_word' id='word_1_288' title='bbox 756 4141 889 4205; x_wconf 88' lang='lat' dir='ltr'>magnus</span> <span class='ocrx_word' id='word_1_289' title='bbox 902 4115 1041 4181; x_wconf 88' lang='lat' dir='ltr'>omnium</span> <span class='ocrx_word' id='word_1_290' title='bbox 1053 4113 1101 4178; x_wconf 91' lang='lat' dir='ltr'>in·</span> <span class='ocrx_word' id='word_1_291' title='bbox 1119 4133 1151 4182; x_wconf 74' lang='lat'>29</span> 
     </span>
     <span class='ocr_line' id='line_1_37' title="bbox 110 4208 1102 4307; baseline -0.009 -26"><span class='ocrx_word' id='word_1_292' title='bbox 110 4209 283 4307; x_wconf 53' lang='lat' dir='ltr'>Qiltimor</span> <span class='ocrx_word' id='word_1_293' title='bbox 304 4213 429 4291; x_wconf 83' lang='lat' dir='ltr'>animis3</span> <span class='ocrx_word' id='word_1_294' title='bbox 456 4214 483 4279; x_wconf 91' lang='lat' dir='ltr'>is</span> <span class='ocrx_word' id='word_1_295' title='bbox 506 4213 599 4278; x_wconf 88' lang='lat' dir='ltr'>variis</span> <span class='ocrx_word' id='word_1_296' title='bbox 623 4214 782 4277; x_wconf 91' lang='lat' dir='ltr'>hominum</span> <span class='ocrx_word' id='word_1_297' title='bbox 805 4210 1000 4278; x_wconf 91' lang='lat' dir='ltr'>sermonibus</span> <span class='ocrx_word' id='word_1_298' title='bbox 1021 4208 1102 4275; x_wconf 87' lang='lat' dir='ltr'>cele·</span> 
     </span>
     <span class='ocr_line' id='line_1_38' title="bbox 110 4303 1102 4395; baseline -0.006 -23"><span class='ocrx_word' id='word_1_299' title='bbox 110 4304 163 4395; x_wconf 71' lang='lat' dir='ltr'>uter</span> <span class='ocrx_word' id='word_1_300' title='bbox 174 4318 311 4395; x_wconf 87' lang='lat' dir='ltr'>augetur.</span> <span class='ocrx_word' id='word_1_301' title='bbox 346 4308 560 4392; x_wconf 87' lang='lat' dir='ltr'>unusquisque</span> <span class='ocrx_word' id='word_1_302' title='bbox 578 4307 661 4372; x_wconf 90' lang='lat' dir='ltr'>enim</span> <span class='ocrx_word' id='word_1_303' title='bbox 679 4307 840 4392; x_wconf 87' lang='lat' dir='ltr'>opiniones</span> <span class='ocrx_word' id='word_1_304' title='bbox 858 4303 995 4390; x_wconf 85' lang='lat' dir='ltr'>fingebat</span> <span class='ocrx_word' id='word_1_305' title='bbox 1012 4311 1043 4369; x_wconf 87' lang='lat' dir='ltr'>et</span> <span class='ocrx_word' id='word_1_306' title='bbox 1061 4303 1102 4367; x_wconf 90' lang='lat' dir='ltr'>ad</span> 
     </span>
     <span class='ocr_line' id='line_1_39' title="bbox 110 4384 1102 4485; baseline -0.004 -22"><span class='ocrx_word' id='word_1_307' title='bbox 110 4384 226 4479; x_wconf 69' lang='lat' dir='ltr'>uquod</span> <span class='ocrx_word' id='word_1_308' title='bbox 243 4401 283 4467; x_wconf 90' lang='lat' dir='ltr'>ab</span> <span class='ocrx_word' id='word_1_309' title='bbox 302 4402 363 4468; x_wconf 89' lang='lat' dir='ltr'>alio</span> <span class='ocrx_word' id='word_1_310' title='bbox 381 4401 530 4480; x_wconf 90' lang='lat' dir='ltr'>audierat,</span> <span class='ocrx_word' id='word_1_311' title='bbox 549 4401 598 4467; x_wconf 93' lang='lat' dir='ltr'>sui</span> <span class='ocrx_word' id='word_1_312' title='bbox 611 4400 728 4485; x_wconf 89' lang='lat' dir='ltr'>aliquid</span> <span class='ocrx_word' id='word_1_313' title='bbox 741 4400 859 4465; x_wconf 76' lang='lat' dir='ltr'>timoris</span> <span class='ocrx_word' id='word_1_314' title='bbox 873 4398 1015 4464; x_wconf 88' lang='lat' dir='ltr'>addebat.</span> <span class='ocrx_word' id='word_1_315' title='bbox 1042 4397 1102 4461; x_wconf 89' lang='lat' dir='ltr'>hoo</span> 
     </span>
     <span class='ocr_line' id='line_1_40' title="bbox 110 4478 1102 4581; baseline -0.008 -21"><span class='ocrx_word' id='word_1_316' title='bbox 110 4478 149 4549; x_wconf 68' lang='lat' dir='ltr'>lbi</span> <span class='ocrx_word' id='word_1_317' title='bbox 161 4512 215 4560; x_wconf 91' lang='lat' dir='ltr'>uuo</span> <span class='ocrx_word' id='word_1_318' title='bbox 231 4507 359 4562; x_wconf 90' lang='lat' dir='ltr'>auctore</span> <span class='ocrx_word' id='word_1_319' title='bbox 376 4497 417 4561; x_wconf 92' lang='lat' dir='ltr'>ad</span> <span class='ocrx_word' id='word_1_320' title='bbox 433 4496 537 4581; x_wconf 90' lang='lat' dir='ltr'>plures</span> <span class='ocrx_word' id='word_1_321' title='bbox 560 4505 806 4581; x_wconf 80' lang='lat' dir='ltr'>permanaverat,</span> <span class='ocrx_word' id='word_1_322' title='bbox 834 4503 926 4576; x_wconf 89' lang='lat' dir='ltr'>atque</span> <span class='ocrx_word' id='word_1_323' title='bbox 947 4493 1027 4557; x_wconf 90' lang='lat' dir='ltr'>alius</span> <span class='ocrx_word' id='word_1_324' title='bbox 1049 4490 1102 4554; x_wconf 91' lang='lat' dir='ltr'>alii</span> 
     </span>
    </p>
   </div>
   <div class='ocr_carea' id='block_1_4' title="bbox 110 4580 1101 4739">
    <p class='ocr_par' dir='ltr' id='par_1_4' title="bbox 110 4580 1101 4739">
     <span class='ocr_line' id='line_1_41' title="bbox 110 4580 1101 4676; baseline -0.007 -23"><span class='ocrx_word' id='word_1_325' title='bbox 110 4580 261 4669; x_wconf 67' lang='lat' dir='ltr'>lutitant,</span> <span class='ocrx_word' id='word_1_326' title='bbox 280 4591 386 4676; x_wconf 89' lang='lat' dir='ltr'>plures</span> <span class='ocrx_word' id='word_1_327' title='bbox 404 4604 544 4656; x_wconf 89' lang='lat' dir='ltr'>auctores</span> <span class='ocrx_word' id='word_1_328' title='bbox 564 4589 631 4654; x_wconf 88' lang='lat' dir='ltr'>eius</span> <span class='ocrx_word' id='word_1_329' title='bbox 648 4589 694 4654; x_wconf 89' lang='lat' dir='ltr'>rei</span> <span class='ocrx_word' id='word_1_330' title='bbox 712 4587 903 4654; x_wconf 80' lang='lat' dir='ltr'>videbantur.</span> <span class='ocrx_word' id='word_1_331' title='bbox 923 4585 940 4619; x_wconf 77' lang='lat'>&#39;</span> <span class='ocrx_word' id='word_1_332' title='bbox 958 4585 975 4619; x_wconf 78' lang='lat'>&#39;</span> <span class='ocrx_word' id='word_1_333' title='bbox 1010 4583 1101 4648; x_wconf 78' lang='lat' dir='ltr'>ciuile</span> 
     </span>
     <span class='ocr_line' id='line_1_42' title="bbox 882 4686 933 4739; baseline -0.02 0"><span class='ocrx_word' id='word_1_334' title='bbox 882 4686 933 4739; x_wconf 75' lang='lat'>15‘</span> 
     </span>
    </p>
   </div>
   <div class='ocr_carea' id='block_1_5' title="bbox 0 0 1369 5206">
    <p class='ocr_par' dir='ltr' id='par_1_5' title="bbox 0 0 1369 5206">
     <span class='ocr_line' id='line_1_43' title="bbox 0 0 1369 5206; baseline 0 0"><span class='ocrx_word' id='word_1_335' title='bbox 0 0 1369 5206; x_wconf 95' lang='lat' dir='ltr'> </span> 
     </span>
    </p>
   </div>
  </div>
 </body>
</html>
