2692 5206
376 800 379 805 .
404 742 523 805 court.
540 744 594 801 111.
611 745 731 803 43-46.
1012 735 1075 803 257

51 878 192 956 possent.
229 867 286 934 scd
302 866 347 932 illi
364 866 509 954 operibus
527 868 703 947 vincebant,
721 870 806 955 quod
823 880 854 936 et
871 893 1002 938 numero
1018 873 1077 937 mi-

52 964 143 1029 litum
164 961 368 1049 praestabant
393 972 424 1027 et
445 962 590 1027 interiore
614 962 715 1049 spatio
736 964 888 1029 minorem
914 965 1076 1031 circuitum

52 1056 222 1123 habebant
265 1077 362 1139 quare
383 1076 455 1120 cum
477 1065 565 1121 erant
585 1056 656 1121 loca
674 1055 804 1123 Caesari
826 1058 991 1144 capienda,
1018 1060 1077 1125 etsi

52 1150 219 1238 prohibere
240 1148 411 1235 Pompeius
433 1150 505 1216 totis
532 1151 630 1236 copiis
657 1162 688 1217 et
709 1150 857 1216 dimicem
878 1174 942 1217 non
963 1153 1078 1219 consti·

53 1255 164 1322 tuerat,
183 1253 288 1309 tamen
305 1243 371 1310 suis
387 1243 465 1309 locis
484 1244 660 1331 sagittarios
679 1244 913 1330 funditoresque
926 1245 1076 1324 mittebat,

53 1362 188 1424 quorum
204 1360 354 1425 magnum
371 1336 508 1404 habebat
528 1361 707 1417 numerum,
733 1338 884 1424 multique
906 1362 946 1405 ex
962 1340 1077 1407 nostris

53 1432 310 1509 urlnerabantur,
341 1454 537 1518 magnusque
563 1432 734 1497 incesserat
764 1433 856 1499 timor
881 1433 1075 1520 sagittarum,

53 1538 148 1613 atque
165 1549 275 1592 omnes
292 1526 357 1591 scre
375 1525 489 1591 milites
506 1536 561 1592 aut
578 1549 618 1592 ex
636 1527 751 1593 coactis
769 1539 822 1594 aut
840 1551 880 1593 ex
893 1527 1077 1595 centonibus

53 1632 107 1687 aut
125 1642 167 1686 ex
183 1620 276 1686 coriis
299 1619 419 1685 tunicas
441 1630 496 1685 aut
517 1619 686 1706 tegimenta
707 1620 858 1700 fecerant,
883 1621 999 1708 quibus
1016 1620 1078 1687 tela

53 1714 197 1780 vitarent
232 1714 265 1778 in
281 1714 470 1799 occupandis
487 1714 650 1800 praesidiis
667 1737 783 1801 magna
799 1715 832 1780 vi
853 1724 983 1802 uterque
1000 1715 1078 1781 nite-
1095 1737 1128 1784 aa

53 1808 160 1875 batur:
189 1805 321 1883 Caesar,
348 1817 499 1891 utquam
526 1807 747 1892 angustissime
768 1807 956 1895 Pompeium
980 1810 1079 1874 conti·

55 1914 157 1981 neret;
179 1900 366 1987 Pompeius,
384 1912 530 1985 utquam
547 1901 697 1987 plurimos
716 1901 811 1969 colles
828 1924 923 1988 quam
939 1903 1078 1968 maximo

56 1996 189 2062 circuitu
204 2005 383 2080 oocuparet,
406 1994 575 2079 crebraque
593 1994 634 2060 ob
652 2018 722 2060 eam
743 2018 871 2061 eausam
887 1997 1007 2082 proelia
1022 1997 1078 2062 fie-

56 2090 141 2157 bant.
180 2088 214 2153 in
235 2089 284 2155 his
307 2112 379 2154 cum
395 2090 478 2176 legio
497 2088 642 2155 Caesaris
665 2113 747 2155 nona
767 2089 958 2175 praesidirnn
978 2092 1078 2176 quod-

57 2186 129 2251 dam
146 2184 366 2270 occupavisset
388 2195 418 2249 ct
439 2185 559 2249 munire
577 2185 744 2269 coepisset,
771 2185 845 2250 huic
865 2184 935 2251 loco
950 2185 1078 2272 propin-

57 2302 153 2364 quum
165 2288 199 2343 et
212 2278 398 2343 contrarium
412 2278 523 2343 collem
531 2276 701 2364 Pompeius
716 2279 880 2365 occupavit
891 2290 1078 2365 nostrosque

57 2394 150 2459 opere
171 2371 335 2458 prohibere
357 2372 459 2456 coepit
480 2383 524 2449 et,
552 2394 624 2436 cum
646 2395 709 2437 una
730 2395 769 2437 cx
794 2384 882 2457 parto
907 2395 1004 2460 prope
1026 2397 1078 2439 ae-

59 2489 153 2552 quum
170 2465 290 2530 aditum
306 2464 448 2543 haberet,
470 2465 605 2550 primum
623 2465 789 2551 sagittariis
807 2466 1078 2551 funditoribusque

59 2559 276 2637 circumiectis,
302 2570 413 2645 postea
437 2559 516 2624 levis
543 2570 716 2624 armaturae
742 2581 857 2644 magna
881 2559 1078 2625 multitudine

62 2654 153 2720 missa
170 2654 393 2737 tormentisque
411 2652 539 2739 prolatis
557 2653 744 2718 munitiones
757 2652 944 2738 impediebat
949 2678 959 2730 ;
976 2675 1078 2737 neque

64 2758 123 2813 erat
135 2747 228 2813 facile
240 2747 355 2812 nostris
368 2769 430 2812 uno
444 2756 583 2832 temporo
597 2768 792 2832 propugnare
802 2755 833 2810 et
844 2746 975 2810 munire.
998 2744 1080 2811 Cae·

67 2862 124 2919 sar,
140 2863 213 2907 cum
230 2863 306 2906 suos
324 2862 364 2905 ex
381 2839 526 2906 omnibus
544 2839 685 2926 partibus
703 2838 858 2904 vulnerari
876 2840 1009 2918 videret,
1030 2862 1079 2905 re·

70 2933 161 3019 cipere
178 2956 213 3000 se
229 2933 322 3000 iussit
334 2944 365 2999 et
377 2933 446 2999 loco
458 2934 617 2999 excedere.
645 2944 710 2997 crat
722 2955 779 3018 per
792 2932 911 2998 declive
924 2944 1078 3018 receptus.

72 3026 110 3091 illi
122 3038 224 3095 uatem
240 3029 302 3094 hoc
318 3028 420 3094 acrius
437 3027 596 3094 instabant
616 3049 717 3111 neque
739 3027 862 3114 regredi
883 3037 1006 3093 nostros
1022 3049 1080 3113 pa-
1123 3060 1125 3064 ·

76 3119 221 3201 tiebantur,
240 3122 325 3208 quod
333 3123 442 3188 timore
451 3123 577 3188 adducti
585 3123 689 3187 locum
701 3121 874 3205 relinquere
884 3120 1077 3187 videbantur.

79 3212 170 3283 dicitur
185 3238 223 3282 eo
241 3226 380 3302 tempore
401 3217 538 3304 glorians
562 3216 647 3302 apud
665 3239 740 3282 suos
759 3215 928 3302 Pompeius
947 3215 1077 3281 dixisse:

81 3326 337 3388 marcomerem,
356 3311 431 3393 quin
443 3311 558 3376 nullius
572 3333 648 3375 usus
662 3309 829 3395 imperator
842 3309 1078 3386 existimaretur,

84 3397 172 3469 sisne
187 3404 324 3470 maximo
346 3404 530 3469 detrimento
551 3404 634 3490 logio
654 3402 799 3468 Caesaris
823 3425 893 3468 sese
910 3404 1080 3489 recepisset

85 3486 145 3574 lude,
159 3518 221 3582 quo
239 3507 353 3564 temere
371 3509 454 3563 essct
466 3519 641 3584 progressa.
670 3495 789 3562 Caesar
800 3497 939 3582 receptui
953 3519 1079 3563 suorum
1097 3517 1130 3563 so

87 3581 174 3657 tinem
189 3601 290 3657 crates
308 3592 348 3656 ad
369 3602 542 3657 extremum
564 3590 718 3655 tumulum
740 3601 848 3655 contra
870 3589 991 3655 hostem
1009 3613 1080 3675 pro-

87 3671 141 3746 feni
153 3694 182 3750 et
197 3686 345 3752 adversas
362 3685 472 3763 locari,
495 3686 575 3750 intra
592 3684 649 3750 has
667 3684 815 3749 mediocri
836 3683 998 3748 latitudine
1015 3683 1080 3749 fos-

88 3786 137 3839 fltm
149 3778 234 3845 tectis
250 3779 400 3844 militibus
417 3778 531 3844 obduci
548 3779 641 3843 iussit
657 3778 822 3862 locumque
839 3778 873 3841 in
886 3799 996 3843 omnes
1009 3799 1080 3862 par-

88 3867 218 3965 }fflquam
235 3873 371 3939 maxime
389 3873 540 3959 impediri.
581 3873 649 3958 ipsc
670 3872 790 3937 idoneis
813 3871 888 3936 locis
906 3871 1079 3936 funditores

88 3967 212 4046 munt,
230 3976 266 4032 ut
282 3967 437 4053 praesidio
454 3967 568 4033 nostris
586 3989 621 4032 sc
637 3965 857 4052 recipientibus
876 3975 990 4031 essent.
1030 3963 1079 4030 his

87 4048 157 4154 {ebus
171 4063 357 4150 comparatis
378 4062 534 4149 legionem
554 4062 661 4126 reduci
682 4062 783 4128 iussit.
818 4055 1002 4146 Pompeiani
1020 4059 1080 4125 hoc

88 4150 241 4223 mamlius
259 4166 353 4242 atque
370 4156 519 4223 audacius
536 4167 658 4221 nostros
676 4178 816 4240 premere
834 4164 865 4220 et
882 4155 997 4220 instare
1010 4176 1081 4221 coe·

87 4256 354 4336 mutantesque
375 4272 433 4336 pro
454 4250 626 4315 munitione
646 4248 784 4315 obiectas
806 4250 1022 4335 propulerunt,
1044 4263 1080 4314 ut

87 4328 165 4409 Μ
179 4345 441 4411 transcenderent.
473 4345 558 4428 quod
575 4367 646 4410 cum
663 4343 932 4410 animadvertisset
950 4341 1078 4421 Cacsar,

86 4430 190 4516 teritus,
215 4461 255 4504 ne
281 4461 346 4505 non
370 4438 505 4516 reducti,
532 4438 589 4503 sed
614 4437 719 4502 reiecti
746 4436 936 4515 viderentur,
962 4437 1079 4502 maius-

10 4516 13 4591 ?
84 4540 130 4605 que
142 4528 355 4597 detrimentum
374 4543 549 4618 caperetur,
573 4530 711 4596 amedio
730 4530 794 4595 fere
813 4530 913 4616 spatio
932 4552 1005 4595 suos
1023 4552 1080 4617 por

10 4652 13 4717 ἰ
121 4625 178 4675 tuos
187 4631 277 4677 Curat·
877 4630 909 4683 ll

10 4724 14 4751 r
