2738 5272
187 782 250 846 170
501 789 554 845 DE
571 788 699 845 BELLO
718 787 886 846 almeo

183 927 216 982 et
232 915 402 981 munitione
421 914 593 1000 oppidanos
613 913 804 978 circumdare
821 913 994 999 prohibitus
1013 927 1093 993 erat,
1113 937 1212 1001 opera

184 1011 322 1093 undique
335 1011 467 1094 imperat
480 1007 699 1073 administrari.
722 1007 807 1072 venit
819 1008 930 1072 eodem
944 1030 1015 1072 cum
1030 1008 1095 1072 suis
1109 1010 1210 1094 copiis

183 1115 310 1189 postero
327 1104 378 1169 die
397 1100 497 1168 Gaius
515 1101 634 1167 Fabius
652 1110 835 1188 partemque
856 1102 964 1189 oppidi
982 1102 1076 1167 sumit
1094 1104 1134 1167 ad
1151 1103 1212 1169 ob-

185 1198 360 1263 sidendum.

133 1313 165 1361 38
251 1290 370 1357 Caesar
386 1291 510 1355 interim
526 1287 574 1354 M.
592 1289 767 1354 Antonium
788 1299 985 1373 quaestorem
1009 1312 1080 1355 cum
1098 1291 1212 1356 cohor-

184 1386 267 1451 tibus
285 1384 354 1450 XV
370 1386 404 1450 in
420 1384 598 1449 Bellovacis
615 1383 774 1468 relinquit,
793 1407 833 1448 ne
850 1406 913 1468 qua
929 1407 1037 1448 rrrrsns
1055 1408 1211 1452 novorum

184 1480 384 1545 consiliorum
402 1478 623 1565 capiendorum
636 1477 745 1563 Belgis
763 1476 897 1543 facultas
915 1478 1049 1543 daretur.
1076 1480 1145 1564 ipse
1159 1503 1212 1545 re-

183 1574 284 1658 liquas
303 1565 444 1639 civitates
462 1573 536 1650 adit,
555 1572 682 1638 obsides
700 1571 804 1656 plures
822 1573 963 1656 imperat,
983 1574 1126 1637 timentes
1140 1596 1212 1639 om-

183 1669 270 1732 nium
284 1667 404 1733 animos
419 1666 629 1732 consolatione
644 1674 742 1731 sanat.
766 1687 837 1730 cum
850 1667 883 1730 in
893 1664 1048 1731 Carnutes
1058 1667 1210 1743 venisset,

183 1784 317 1845 quorum
333 1762 366 1825 in
384 1760 508 1825 civitate
522 1760 680 1846 superiore
694 1761 915 1825 commentario
930 1759 1050 1824 Caesar
1063 1762 1212 1845 exposuit

183 1856 305 1920 initium
322 1855 396 1920 belli
413 1876 484 1919 esse
502 1863 614 1931 ortum,
632 1854 717 1937 quod
733 1855 900 1939 praecipue
918 1876 972 1918 eos
990 1864 1116 1939 propter
1134 1877 1213 1920 con-

184 1950 346 2015 scientiam
363 1948 440 2014 facti
456 1949 564 2013 timere
586 1947 865 2025 animadvertebat,
893 1970 956 2032 quo
979 1947 1108 2012 celerius
1132 1948 1212 2012 civi-

183 2054 279 2108 tatem
297 2044 406 2108 timore
424 2041 582 2117 liberaret,
609 2041 780 2127 principem
803 2041 928 2107 sceleris
950 2041 1033 2106 illius
1055 2052 1087 2106 et
1104 2043 1212 2107 conci-

183 2146 314 2201 tatorem
332 2136 414 2213 belli,
434 2133 633 2212 Gutruatum,
651 2136 693 2200 ad
710 2136 899 2221 supplicium
917 2135 1107 2222 depoposcit.
1152 2137 1211 2218 qui

184 2231 244 2295 etsi
261 2253 301 2295 ne
319 2229 439 2294 civibus
458 2230 585 2314 quidem
603 2229 668 2294 suis
691 2253 726 2294 se
749 2228 977 2307 committebat,
1005 2240 1110 2294 tamen
1127 2230 1212 2296 cele·

183 2325 257 2387 riter
274 2323 413 2388 omnium
431 2346 505 2387 cura
522 2323 682 2406 quaesitus
700 2323 733 2387 in
751 2334 853 2388 castra
870 2324 1056 2408 perducitur.
1085 2323 1211 2409 cogitur

182 2418 215 2481 in
233 2418 300 2483 eius
319 2418 505 2502 supplicium
525 2417 644 2482 Caesar
661 2427 768 2482 contra
786 2441 875 2482 suam
892 2428 1036 2483 naturam
1053 2439 1211 2482 concursu

183 2512 319 2576 maximo
340 2512 488 2588 militum,
515 2512 570 2595 qui
591 2512 696 2576 omnia
717 2511 857 2597 pericula
878 2521 909 2576 et
931 2513 1117 2577 detrimenta
1134 2511 1210 2576 belli

184 2602 340 2670 Gntruato
358 2617 486 2692 accepta
503 2605 688 2683 referebant,
707 2606 786 2669 adeo
805 2615 840 2669 ut
854 2605 1036 2671 verberibus
1050 2605 1210 2670 exanima·

183 2712 250 2763 tum
267 2721 379 2784 corpus
398 2699 500 2764 securi
517 2699 669 2763 feriretur.

133 2811 164 2860 39
246 2792 297 2858 lbi
314 2793 430 2858 crebris
448 2793 557 2858 litteris
573 2790 698 2857 Caninii
711 2792 747 2856 fit
760 2793 879 2869 certior,
898 2814 978 2874 quae
993 2792 1032 2856 de
1044 2791 1209 2877 Drappete

183 2897 214 2952 et
231 2888 381 2953 Lucterio
398 2899 489 2975 gesta
506 2897 626 2965 essent,
649 2910 774 2971 quoque
792 2889 825 2952 in
843 2888 972 2952 consilio
990 2898 1209 2973 permanerent

183 2983 339 3067 oppidani.
388 3005 521 3065 quorum
547 2982 606 3046 ctsi
632 2984 820 3066 paucitatem
846 2981 1076 3057 contemnebat,
1102 2991 1209 3045 tamen

184 3075 385 3159 pertinaciam
403 3099 518 3160 magna
535 3098 637 3159 poena
658 3097 728 3140 esse
751 3076 948 3140 afficiendam
970 3075 1139 3151 iudicabat,
1167 3096 1208 3139 ne

184 3167 329 3231 universa
352 3165 456 3232 Gallia
481 3190 545 3231 non
571 3167 631 3231 sibi
657 3169 739 3233 vires
767 3168 906 3233 defuisse
932 3169 974 3232 ad
998 3169 1207 3233 resistendum

183 3259 348 3335 Romanis,
368 3260 425 3325 sed
442 3262 648 3332 constantiam
665 3272 802 3345 putaret,
821 3285 899 3327 neve
917 3264 977 3327 hoc
994 3262 1137 3346 exemplo
1156 3283 1207 3325 ce-

183 3364 266 3417 terae
284 3353 424 3418 civitates
442 3353 580 3418 locorum
598 3356 828 3439 opportunitate
846 3356 943 3420 fretae
962 3379 996 3421 sc
1013 3356 1207 3420 vindicarent

182 3446 216 3510 in
232 3445 419 3524 libertatem,
438 3470 510 3511 cum
528 3447 672 3513 omnibus
692 3446 793 3514 Gallis
811 3460 920 3514 notum
938 3472 1008 3514 esso
1026 3449 1119 3513 sciret
1135 3448 1207 3512 reli-

182 3563 277 3623 quam
294 3562 364 3605 essc
382 3563 477 3605 unam
495 3551 645 3606 aestatem
664 3565 738 3607 suae
756 3544 943 3627 provinciae,
962 3565 1057 3626 quam
1072 3542 1099 3606 si
1113 3542 1207 3606 susti-

182 3656 255 3698 nere
268 3635 451 3720 potuissent,
470 3634 590 3699 nullum
603 3635 684 3700 ultra
696 3636 869 3721 periculum
886 3648 1074 3701 vererentur.
1100 3636 1207 3718 itaque

183 3730 224 3814 Q.
245 3729 398 3796 Calenum
419 3731 558 3817 legatum
581 3754 653 3795 cum
674 3731 849 3818 legionibus
872 3732 1010 3814 reliquit,
1038 3730 1092 3814 qui
1113 3728 1205 3793 iustis

182 3825 344 3891 itineribus
371 3824 627 3909 subsequeretur3
654 3826 721 3910 ipse
748 3848 820 3890 cum
843 3826 928 3890 omni
949 3826 1089 3908 equitatu
1111 3845 1206 3906 quam

132 3942 166 3989 40
182 3931 285 4006 potest
303 3919 460 3984 celerrime
478 3920 520 3984 ad
538 3919 706 3984 Caninium
725 3920 891 3984 contendit.
936 3942 1009 3984 cum
1026 3928 1134 3983 contra
1151 3940 1206 3980 cx-

183 4014 406 4100 spectationcm
424 4014 564 4078 omnium
578 4013 697 4079 Caesar
710 4013 945 4079 Uxellodunum
963 4014 1100 4077 venisset
1117 4011 1207 4095 oppi-

182 4109 318 4190 dumque
336 4108 483 4194 operibus
502 4108 643 4172 clausum
661 4108 919 4172 animadverteret
936 4129 1038 4190 neque
1052 4105 1092 4170 ab
1106 4127 1207 4189 oppu-

182 4203 328 4287 gnatione
341 4202 446 4267 recedi
458 4203 577 4267 uideret
590 4202 654 4267 ulla
664 4203 845 4268 condicione
857 4225 962 4288 posse,
976 4223 1092 4286 magna
1100 4207 1206 4264 autem

183 4295 273 4380 copia
289 4295 437 4361 frumenti
454 4295 612 4362 abundare
630 4297 803 4384 oppidanos
821 4320 861 4362 cx
874 4297 1015 4383 perfugis
1029 4302 1205 4380 cognosset,

183 4409 265 4471 aqua
281 4389 445 4473 prohibere
462 4390 584 4456 hostem
602 4400 753 4476 temptare
776 4392 887 4477 coepit.
931 4391 1048 4455 flumen
1065 4386 1205 4452 infimam

183 4481 296 4546 vallem
314 4482 486 4560 dividebat,
504 4507 585 4568 quae
603 4494 704 4550 totum
721 4508 820 4571 paene
838 4499 975 4552 montem
993 4481 1154 4569 cingebat,
1172 4480 1206 4543 in

182 4596 246 4660 quo
268 4576 404 4664 positum
425 4586 491 4642 erat
511 4587 712 4664 praeruptum
739 4580 875 4664 undique
902 4578 1051 4665 oppidum
1073 4573 1207 4641 Uxello-
