2692 5206
10 710 17 821 l

414 816 532 873 cotim.
550 818 603 872 llI.
622 818 741 873 20-24.
1021 809 1084 874 247

75 942 204 1029 Neapoli,
223 942 292 1006 visa
309 940 515 1026 proditionem
533 941 640 1026 oppidi
658 963 818 1028 apparare,
836 943 1000 1027 patefactis
1015 966 1088 1011 con-

72 1036 140 1102 siliis
158 1034 305 1101 exclusus
325 1033 437 1120 Capua
454 1045 485 1098 et
502 1035 675 1120 periculum
693 1035 823 1113 veritus,
847 1036 932 1119 quod
954 1058 1089 1104 conven-

69 1144 114 1195 tus
135 1152 224 1195 arma
245 1138 369 1214 ceperat
391 1138 484 1211 atquc
507 1150 579 1192 eum
602 1128 702 1192 bostis
723 1127 793 1194 loco
820 1128 999 1195 babendum
1021 1134 1086 1197 cxi-

66 1222 224 1299 stimabat,
251 1221 381 1287 consilio
408 1221 526 1286 destitit
552 1232 646 1305 atquo
673 1246 710 1286 co
736 1222 845 1287 itinere
871 1246 941 1289 sese
968 1227 1087 1291 avertit

63 1319 187 1384 interim
203 1316 285 1381 Milo
302 1316 441 1381 dimissis
460 1316 577 1380 circum
595 1316 764 1401 municipia
784 1317 909 1395 litteris,
932 1340 983 1398 ea,
1006 1341 1086 1403 quac
1105 1338 1138 1384 tt

62 1412 189 1489 faceret,
208 1410 297 1475 iussu
314 1419 408 1493 atque
425 1410 555 1494 imperio
572 1409 675 1475 saecre
688 1410 831 1496 Pompei,
849 1432 931 1494 quas
942 1413 1090 1478 mandata

61 1506 104 1572 ad
125 1528 161 1570 sc
182 1526 239 1590 per
260 1502 433 1568 Vibullium
456 1503 559 1568 delata
581 1514 699 1582 essent,
726 1526 806 1587 quos
828 1527 868 1569 ex
894 1526 966 1570 aere
987 1505 1089 1571 alieno

61 1599 206 1666 laborare
224 1596 444 1674 arbitrabatur,
468 1596 664 1663 sollicitabat.
708 1598 793 1684 apud
810 1620 889 1682 quos
908 1621 981 1664 cum
997 1600 1090 1688 profi-

61 1716 134 1760 cere
151 1692 230 1757 nibil
246 1702 367 1777 posset,
394 1692 583 1775 quibusdam
605 1692 714 1757 solutis
737 1694 903 1778 ergastulis
922 1692 1040 1760 Cosam
1057 1697 1090 1759 in

60 1810 140 1874 agro
158 1785 299 1850 Thurino
316 1808 497 1871 oppugnare
516 1785 626 1871 coepit.
654 1807 692 1851 co
710 1808 781 1850 cum
800 1811 819 1851 a
837 1786 878 1870 Q.
886 1787 987 1853 Pedio
1000 1812 1090 1874 prac-

60 1896 131 1947 tore
147 1903 220 1945 cum
237 1880 359 1966 legione
375 1928 459 1944 .....
473 1879 575 1965 lapide
589 1881 669 1945 ictus
685 1902 724 1944 ex
738 1903 827 1946 muro
840 1882 940 1967 periit
964 1893 995 1948 ct
1008 1880 1090 1949 Coe-

61 1976 123 2041 lius
132 1974 303 2060 profectus,
322 1986 357 2037 ut
369 1973 540 2051 dictitabat,
559 1972 778 2039 adCacsarem
791 1976 932 2060 pervenit
941 1976 1088 2042 Thurios.

61 2068 118 2134 ubi
135 2091 209 2134 cum
225 2067 379 2152 quosdam
397 2068 465 2133 cius
487 2068 649 2153 municipii
673 2068 853 2133 sollicitaret
871 2069 1089 2153 equitibusque

62 2162 212 2229 Caesada
236 2160 338 2228 Gallis
364 2174 458 2247 atquc
481 2162 649 2247 Hispanis,
676 2163 730 2247 qui
757 2186 795 2227 co
821 2164 968 2249 praesidii
994 2188 1090 2230 causa

62 2258 153 2323 missi
171 2266 272 2333 erant,
291 2257 457 2341 pecuniam
474 2256 684 2342 polliceretur,
704 2255 744 2321 ab
762 2256 812 2322 his
831 2269 880 2322 cst
896 2257 1087 2324 interfectus.

61 2352 108 2415 ita
130 2372 318 2437 magnarum
339 2350 427 2414 initia
447 2372 565 2428 rerum,
592 2372 673 2433 quae
696 2352 899 2436 occupatione
925 2353 1090 2438 magistra-

62 2457 154 2509 tuum
170 2455 203 2509 ct
220 2452 394 2528 temporum
412 2443 576 2509 sollicitam
589 2444 713 2509 ltaliam
727 2443 893 2523 habebant,
913 2445 1044 2512 celerem
1058 2457 1089 2510 ct

64 2538 191 2604 facilem
209 2538 329 2603 exitum
345 2536 530 2603 habuerunt.

127 2631 214 2697 Libo
231 2632 389 2716 profectus
407 2632 446 2697 ab
462 2631 559 2698 Orico
577 2655 649 2697 cum
667 2633 778 2710 classe,
797 2633 848 2696 cui
865 2640 1015 2717 praeerat,
1034 2655 1089 2696 na·
1107 2652 1139 2698 2³

60 2726 149 2792 vium
167 2726 214 2803 L,
237 2725 441 2790 Brundisium
458 2728 543 2791 venit
560 2728 771 2810 insulamque,
797 2749 878 2810 quac
896 2738 1002 2791 contra
1018 2748 1090 2810 por-

61 2834 131 2885 tum
148 2820 374 2884 Brundisinum
392 2831 453 2898 cst,
477 2822 655 2905 occupavit,
678 2821 763 2904 quod
780 2831 938 2905 praestare
960 2819 1089 2885 arbitra-

60 2915 157 2980 batur
172 2936 271 2979 nnum
287 2914 404 2992 locum,
423 2936 487 2997 qua
503 2916 698 2980 necessarius
716 2916 830 2979 nostris
849 2925 915 2980 crat
932 2935 1088 3000 egressus,

60 3030 160 3093 quam
178 3010 281 3073 omnia
298 3008 389 3072 litora
405 3029 442 3073 ac
459 3020 568 3093 portus
586 3008 729 3073 custodia
745 3008 869 3073 clausos
887 3008 993 3072 teneri.
1038 3007 1089 3070 hic

59 3102 227 3189 repentino
252 3102 390 3167 adventu
415 3124 512 3167 naves
539 3104 695 3167 onerarias
725 3103 877 3186 quasdam
907 3117 1017 3167 nactus
1043 3101 1090 3164 in-

59 3196 171 3263 cendit
195 3207 227 3262 et
253 3220 349 3262 unam
373 3197 530 3262 frumento
553 3212 696 3263 onustam
723 3198 853 3263 abduxit
878 3218 1090 3284 magnumque

59 3291 181 3357 nocuis
198 3301 345 3357 terrorem
362 3292 466 3356 iniecit
484 3304 515 3356 ct
532 3304 625 3358 noctu
643 3292 793 3358 militibus
816 3315 853 3358 ac
871 3292 1038 3379 sagittariis
1057 3292 1089 3355 in

59 3398 179 3451 terram
200 3386 350 3471 expositis
371 3387 564 3472 praesidium
585 3378 725 3471 equitum
747 3387 859 3451 deiecit
880 3398 911 3452 et
932 3387 1011 3451 adeo
1028 3386 1088 3450 loci

59 3480 292 3567 opportunitate
309 3481 457 3566 profecit,
481 3482 526 3545 uti
544 3482 585 3545 ad
601 3482 788 3566 Pompeium
807 3482 924 3546 litteras
943 3481 1087 3556 mitteret,

59 3596 163 3639 naves
186 3574 337 3658 reliquas,
365 3576 392 3638 si
413 3574 520 3652 vellet,
548 3574 681 3641 subduci
703 3587 734 3640 et
760 3575 844 3640 refici
870 3575 1004 3639 iuberet:
1032 3596 1089 3638 sua

60 3668 168 3734 classe
188 3669 305 3734 auxilia
326 3692 396 3734 sese
415 3668 562 3735 Caesaris
584 3670 822 3755 prohibiturum.
864 3681 930 3734 erat
952 3690 990 3732 eo
1011 3678 1089 3731 tcm-
1107 3688 1140 3734 et

58 3786 141 3851 pore
158 3762 316 3829 Antonius
335 3764 497 3842 Brundisi3
520 3768 547 3829 is
569 3766 682 3830 virtute
705 3765 837 3829 rnilitum
861 3762 997 3828 confisus
1020 3784 1089 3827 sca-

59 3856 144 3945 pbas
161 3858 289 3923 narium
310 3882 496 3945 magnarum
519 3859 640 3925 circiter
661 3859 731 3923 LX
752 3859 889 3924 cratibus
911 3858 1087 3943 pluteisque

60 3953 201 4019 contexit
217 3974 317 4038 eoque
334 3955 448 4019 milites
466 3955 604 4020 delectos
617 3955 765 4039 imposuit
779 3965 872 4039 atquc
886 3976 939 4017 eas
953 3953 986 4016 in
998 3953 1088 4017 litore

57 4044 205 4135 pluribus
221 4046 300 4113 locis
318 4049 486 4134 separatim
503 4049 658 4135 disposuit
674 4071 832 4133 navesque
845 4047 985 4113 triremes
998 4047 1087 4124 duas,

57 4162 144 4227 quas
159 4140 311 4207 Brundisi
332 4142 492 4208 faciendas
515 4153 690 4220 curaverat,
718 4166 775 4229 per
796 4165 924 4207 causam
941 4164 1088 4207 exercen-

57 4234 176 4301 dorum
191 4236 347 4324 remigum
364 4238 405 4303 ad
422 4237 530 4303 lauces
548 4249 656 4323 portus
674 4238 798 4324 prodire
815 4238 916 4303 iussit
942 4237 1000 4303 has
1015 4260 1088 4302 cum

57 4328 213 4396 undecim
229 4353 413 4419 progressas
426 4331 511 4398 Libo
529 4333 669 4411 vidisset,
689 4355 818 4417 sperans
837 4332 979 4418 intercipi
993 4354 1088 4418 posse

56 4424 276 4509 quadriremes
297 4426 327 4492 V
344 4427 385 4492 ad
407 4450 459 4492 cas
482 4427 575 4492 misit
620 4450 700 4512 quac
723 4450 796 4491 cum
817 4426 950 4492 navibus
971 4428 1087 4493 nostris

57 4519 379 4606 appropinquassent,
406 4522 504 4587 nostri
526 4522 664 4587 veterani
685 4522 717 4585 in
735 4531 859 4606 portum
875 4520 1086 4608 refugiebant:

56 4614 105 4679 illi
123 4614 229 4680 studio
245 4616 365 4681 incitati
382 4616 535 4682 incautius
554 4615 771 4701 sequebantur.
803 4616 866 4681 iam
883 4638 924 4681 ex
940 4613 1085 4681 omnibus
