2692 5206
443 800 560 857 cortu.
579 803 629 858 111.
647 804 764 859 ‘Ji-QG.
1070 790 1113 855 53

91 926 144 992 ubi
161 948 272 991 omnes
290 925 374 989 idem
392 926 505 990 sentiro
522 926 685 1003 intellexit,
713 937 871 1012 posterum
889 928 971 992 diem
988 950 1112 1014 pugnae

89 1020 260 1085 constituit
308 1019 410 1105 prima
431 1019 500 1084 luco
522 1021 681 1105 productis
704 1021 848 1086 omnibus
875 1023 972 1108 copiis
994 1023 1161 1107 duplicius

88 1115 157 1180 acic
182 1113 339 1190 instituta,
366 1114 489 1178 auxiliis
512 1115 544 1177 in
566 1116 701 1179 mediam
723 1115 822 1179 aciem
848 1117 1009 1193 coniectis,
1036 1117 1112 1199 quid

88 1211 196 1275 hostes
206 1208 329 1274 consilii
338 1219 493 1293 caperent,
512 1209 722 1294 exspectabat.
750 1210 804 1285 illi,
823 1211 880 1274 etsi
893 1222 1018 1296 proptor
1032 1212 1111 1275 mul-

88 1303 256 1368 titudinem
273 1314 304 1367 et
321 1313 459 1367 veterem
476 1302 549 1368 belli
571 1303 702 1388 gloriam
724 1304 973 1388 paucitatemque
990 1318 1112 1371 nostro·

87 1420 161 1463 mm
179 1419 214 1462 se
232 1406 300 1462 tuto
324 1396 523 1461 dimicaturos
542 1397 775 1474 existimabant,
802 1409 907 1463 tamen
928 1400 1023 1465 tutius
1041 1422 1111 1465 esse

88 1489 322 1556 arbitrabantur
342 1489 481 1556 obsessis
503 1491 562 1556 viis
586 1503 761 1556 commeatu
779 1492 945 1557 intercluso
964 1494 1030 1557 sine
1049 1493 1111 1557 ullo

87 1586 220 1652 vulnere
237 1585 367 1650 victoria
382 1586 475 1672 potiri
493 1596 536 1662 et,
564 1587 590 1650 si
608 1603 734 1671 propter
754 1587 891 1671 inopiam
913 1587 957 1651 rei
974 1588 1112 1651 frumen·
1144 1648 1147 1654 ,

88 1683 186 1747 tariae
195 1681 331 1746 Romani
340 1703 409 1747 sese
418 1678 555 1766 recipere
564 1683 748 1767 coepissent,
763 1681 928 1767 impeditos
942 1682 974 1745 in
987 1683 1111 1767 agmine

88 1789 121 1839 et
138 1774 199 1840 sub
218 1775 347 1840 sarcinis
369 1775 537 1839 infirmiore
559 1776 662 1840 animo
685 1776 799 1840 adoriri
821 1776 1009 1862 cogitabant.
1053 1777 1112 1841 hoc

87 1868 222 1934 consilio
239 1866 369 1954 probato
387 1868 427 1934 ab
450 1869 581 1934 ducibus
604 1870 761 1955 productis
779 1870 991 1935 Romanorum
1014 1872 1111 1956 copiis

89 1984 162 2028 sese
179 1962 290 2027 castris
308 1961 463 2027 tenebant.
490 1962 550 2027 hac
567 1986 601 2028 re
618 1976 781 2048 perspecta
800 1963 945 2041 Crassus,
964 1987 1036 2029 cum
1053 1988 1112 2029 sua

89 2056 289 2123 cunctatione
311 2067 403 2140 atque
426 2058 570 2142 opinione
593 2058 711 2122 timoris
729 2058 835 2123 hostes
857 2069 979 2124 nostros
997 2059 1110 2123 milites

87 2151 256 2218 dacriores
274 2151 315 2215 ad
331 2152 535 2237 pugnandum
553 2152 739 2229 effecissent,
759 2164 851 2236 atque
865 2153 1003 2218 omnium
1016 2176 1109 2218 voces

88 2245 280 2321 audirentur,
298 2245 471 2330 exspectari
488 2245 605 2309 diutius
623 2268 685 2310 non
698 2258 849 2331 oportere,
868 2247 943 2330 quin
956 2247 997 2311 ad
1009 2258 1111 2312 castra

87 2340 198 2418 iretur,
226 2338 404 2404 cohortatus
427 2361 501 2403 suos
525 2339 669 2405 omuibus
692 2341 887 2427 cupientibus
911 2343 952 2406 ad
973 2342 1109 2408 hostium

87 2444 193 2498 castra
209 2432 378 2498 contendit.
405 2432 538 2498 ibicum
556 2433 609 2498 alii
626 2434 730 2499 fossas
748 2434 948 2520 complerent,
967 2436 1018 2499 alii
1031 2435 1110 2499 mul·
1129 2453 1160 2500 ‘252

88 2527 127 2592 tis
146 2526 218 2591 telis
236 2527 382 2592 coniectis
400 2527 580 2592 defensores
598 2528 680 2593 vallo
698 2529 983 2611 munitionibusque
1005 2530 1110 2613 depel-

88 2621 197 2697 lerent,
216 2621 454 2703 auxiliaresque,
473 2622 587 2704 quibus
597 2623 638 2686 ad
648 2646 787 2708 pugnam
796 2646 859 2687 non
872 2623 1004 2686 multum
1016 2623 1109 2686 Cras-

88 2737 143 2780 sus
165 2714 357 2791 confidebat,
384 2715 540 2800 lapidibus
564 2717 696 2799 telisque
718 2715 989 2779 subministrandis
1016 2726 1047 2778 et
1069 2717 1109 2778 ad

88 2830 239 2897 aggerem
253 2809 422 2894 cespitibus
437 2812 666 2896 comportandis
681 2811 818 2895 speciem
832 2820 925 2892 atquc
934 2808 1110 2893 opinionem

87 2903 295 2990 pugnantium
312 2903 509 2988 praeberent,
532 2928 604 2971 cum
622 2906 696 2970 item
715 2904 754 2969 ab
773 2904 916 2968 hostibus
934 2913 1111 2968 constanter

88 3020 125 3062 ac
142 3021 207 3063 non
224 2998 332 3062 timide
350 3011 541 3085 pugnaretur
558 3000 680 3084 telaque
698 3022 738 3064 cx
755 2999 824 3063 loco
843 2998 1001 3083 superiore
1014 2999 1111 3062 missa

89 3114 152 3155 non
169 3091 289 3156 frustra
305 3093 493 3170 acciderent,
521 3096 640 3178 equites
659 3093 827 3159 circumitis
845 3093 983 3157 hostium
1001 3092 1109 3156 eastris

89 3182 209 3251 Crasso
225 3186 480 3251 renuntiavemnt
501 3210 563 3252 nou
587 3189 696 3253 cadem
719 3210 788 3252 esse
810 3186 972 3272 diligentia
993 3185 1033 3250 ab
1057 3186 1110 3249 de-

88 3300 224 3343 cumana
243 3292 334 3365 porta
356 3292 458 3346 castra
483 3283 602 3346 munita
627 3281 813 3364 facilemque
840 3281 959 3344 aditum
985 3279 1108 3344 habere.

90 3371 227 3438 Crassus
246 3374 385 3456 equitum
402 3375 577 3460 praefectos
601 3376 792 3451 cohortatus,
821 3385 854 3438 ut
877 3375 999 3460 magnis
1021 3397 1110 3459 prae·
1128 3395 1160 3442 ‘ro

89 3466 159 3530 miis
176 3466 513 3552 pollicitationibusque
536 3492 610 3534 suos
633 3470 817 3545 excitarent,
844 3469 920 3552 quid
941 3469 1008 3534 fieri
1026 3469 1108 3544 velit,

89 3562 233 3627 ostendit.
277 3562 336 3640 illi,
362 3574 397 3628 ut
414 3574 480 3628 erat
497 3565 697 3650 imperatum,
724 3564 844 3628 eductis
863 3564 902 3627 iis
921 3562 1108 3636 cohortibus,

89 3677 168 3739 quae
185 3657 342 3741 praesidio
360 3659 470 3724 castris
488 3659 612 3723 relictae
630 3658 751 3722 intritae
769 3657 808 3723 ab
828 3657 933 3722 labore
952 3665 1052 3731 erant,
1080 3665 1111 3717 et

88 3748 229 3837 longiore
247 3751 356 3816 itinere
373 3753 606 3829 circumductis,
632 3776 673 3817 ne
691 3775 731 3816 ex
751 3752 888 3815 hostiurn
911 3749 1020 3814 castris
1038 3770 1111 3812 oon-

89 3844 166 3928 spici
193 3857 336 3930 possent,
367 3848 506 3912 omnium
532 3847 630 3912 oculis
657 3845 876 3928 mentibusque
903 3846 943 3909 ad
972 3865 1110 3928 pugnam

88 3937 214 4004 intentis
233 3940 374 4006 celeriter
391 3943 431 4007 ad
449 3965 517 4019 eas,
536 3963 614 4025 quas
633 3941 777 4016 diximus,
797 3940 985 4003 munitiones
1002 3960 1111 4022 perve-

90 4044 201 4098 nerunt
217 4043 313 4118 atquc
330 4034 379 4100 his
397 4037 532 4120 promtis
554 4036 640 4121 prius
659 4035 691 4098 in
709 4034 846 4099 hostium
870 4034 978 4098 castris
997 4032 1110 4096 eonsti-

91 4136 204 4201 terunt,
231 4151 327 4212 quam
344 4129 437 4214 plane
455 4130 494 4194 ab
512 4129 562 4193 his
580 4129 679 4193 videri
696 4138 763 4204 aut,
786 4129 862 4211 quid
880 4129 924 4192 rei
942 4136 1108 4213 gereretur,

91 4222 239 4305 cognosci
260 4234 377 4306 posset.
422 4234 488 4287 tum
515 4247 588 4288 vcro
614 4223 748 4288 clanrorc
771 4223 810 4288 ab
833 4246 871 4286 ea
896 4233 982 4308 parte
1004 4222 1109 4286 audito

90 4314 185 4378 nostri
202 4314 419 4400 redintegratis
438 4317 570 4393 viribus,
589 4318 675 4400 quod
690 4318 873 4401 plerumque
891 4317 922 4379 in
940 4339 996 4401 spe
1014 4316 1109 4380 vieto-

89 4407 303 4473 riaeaccidere
313 4412 484 4487 cousuevit,
499 4413 600 4477 acrius
610 4413 794 4498 impugnare
804 4422 979 4496 coeperunt.
1004 4410 1108 4475 hostes

90 4502 227 4585 undique
245 4503 447 4568 circumventi
466 4506 638 4591 desperatis
656 4505 801 4571 omnibus
820 4506 913 4570 rebus
927 4528 960 4569 sc
974 4527 1029 4588 per
1041 4527 1109 4566 mu-

89 4597 221 4663 nitiones
240 4597 361 4663 deicere
379 4610 411 4664 et
427 4600 505 4687 suga
523 4601 655 4666 salutem
674 4613 778 4687 petere
797 4601 1002 4665 intenderunt.
1029 4620 1107 4680 quos
