2692 5206
501 797 618 853 corint.
637 798 659 852 Ι.
678 798 797 853 lo-aa.
1095 785 1156 850 187

106 941 274 1007 pilaeque
295 922 494 1007 imperaverit
516 921 619 986 sacere
642 932 672 984 et
694 922 734 984 L.
753 921 930 987 Domitium
957 923 1063 987 vivum
1089 923 1157 988 eius

106 1017 278 1103 potestati
291 1018 422 1081 tradere.
450 1015 565 1098 quibus
578 1015 673 1080 rebus
687 1015 820 1101 cognitis
832 1015 960 1093 Caesar,
979 1018 1038 1081 etsi
1052 1018 1157 1104 magui
1175 1037 1205 1083 ar

107 1113 281 1175 iuteresse
299 1109 507 1176 arbitrabatur
523 1132 618 1193 quam
639 1111 775 1194 primum
798 1110 913 1195 oppido
934 1111 1027 1195 potiri
1049 1112 1158 1176 eohor-

115 1215 243 1288 esque
259 1206 301 1269 ad
318 1227 352 1269 se
369 1205 403 1268 in
420 1214 523 1268 castra
540 1205 712 1281 traducere,
732 1227 771 1268 ne
790 1227 852 1288 qua
870 1214 924 1269 aut
940 1204 1157 1291 largitionibus

121 1308 184 1362 aut
201 1300 294 1363 animi
307 1299 540 1364 confirmatione
553 1311 608 1362 aut
622 1299 711 1363 falsis
725 1299 842 1362 nuntiis
857 1299 1058 1363 commutatio
1071 1299 1159 1364 fieret

126 1391 315 1470 uoluntatis,
342 1393 428 1476 quod
450 1415 543 1477 saepe
566 1392 596 1455 in
620 1392 702 1456 bello
727 1393 832 1478 parvis
859 1392 1026 1458 momentis
1052 1395 1159 1478 magni

132 1505 227 1551 casus
243 1486 483 1562 intercederent,
502 1496 607 1550 tamen
625 1486 756 1563 veritus,
775 1508 814 1550 ne
832 1486 965 1550 militum
984 1486 1111 1550 introitu
1128 1497 1160 1551 et

136 1581 275 1645 nocturni
292 1581 442 1665 temporis
465 1580 589 1644 licentia
611 1580 761 1664 oppidum
783 1580 981 1665 diriperetur,
1008 1602 1078 1656 eos,
1105 1581 1159 1664 qui

139 1684 290 1752 venerant,
311 1674 467 1739 collaudat
485 1684 577 1758 atque
595 1675 628 1738 in
645 1675 795 1759 oppidum
812 1674 947 1752 dimittit,
966 1685 1072 1759 portas
1090 1697 1160 1739 mu·

145 1786 248 1851 rosque
264 1769 419 1834 asservari
436 1768 531 1833 iubet.
567 1769 685 1854 ipsein
707 1770 745 1833 iis
769 1769 929 1855 operibus,
952 1791 1033 1853 quae
1055 1769 1159 1834 facere

148 1857 321 1940 instituerat,
349 1862 462 1926 milites
480 1863 618 1947 disponit
635 1885 699 1926 nou
717 1863 808 1927 certis
832 1863 939 1948 spatiis
961 1863 1157 1940 intermissis,

152 1961 180 2013 ut
195 1966 252 2019 erat
268 1956 462 2041 superiorum
480 1957 600 2020 dierum
620 1957 821 2033 consuetude,
840 1957 896 2022 sed
909 1957 1066 2042 perpetuis
1079 1956 1161 2043 vigi·

155 2041 197 2108 liis
214 2049 468 2133 stationibusque,
495 2061 530 2113 ut
552 2050 733 2135 contingant
756 2051 836 2114 inter
859 2073 893 2115 se
914 2061 1008 2134 atquc
1035 2073 1159 2116 omnem

159 2141 334 2209 munitionem
354 2143 512 2232 expleant3
536 2143 676 2208 tribunos
699 2144 832 2209 militum
855 2155 886 2209 ct
907 2144 1082 2230 praefectos
1101 2145 1159 2210 cir-

162 2237 298 2302 committit
314 2248 412 2320 atque
429 2237 584 2313 hortatur,
607 2261 669 2301 non
693 2238 794 2303 solum
813 2238 853 2304 ab
875 2239 1089 2324 eruptionibus
1108 2261 1160 2304 ca·

164 2341 242 2408 runt,
269 2334 327 2397 sed
353 2333 446 2397 etiam
474 2332 668 2418 singulorum
699 2331 860 2397 hominum
891 2334 1030 2398 occultos
1057 2334 1158 2397 exitus

165 2436 302 2490 suerunt.
342 2448 445 2508 neque
471 2448 546 2490 vcro
572 2436 637 2490 tam
662 2427 794 2491 remisso
816 2449 854 2490 ac
879 2427 1029 2512 languido
1055 2427 1159 2491 animo

167 2514 298 2602 quisquam
315 2521 456 2585 omnium
475 2520 549 2596 fuit,
572 2521 627 2603 qui
649 2543 687 2584 ea
703 2534 794 2585 nocte
818 2521 1038 2603 conquieverit.
1074 2530 1160 2585 tauta

166 2619 210 2673 eru
223 2636 358 2679 summae
375 2637 480 2678 rerum
499 2615 704 2699 exspectatio,
728 2626 763 2677 ut
780 2614 860 2678 alius
878 2615 911 2678 in
928 2614 1020 2679 aliam
1038 2624 1159 2699 partem

166 2716 240 2770 uerte
254 2718 348 2792 atque
367 2710 470 2772 animo
493 2707 679 2783 traheretur,
707 2708 783 2790 quid
804 2708 881 2792 ipsis
901 2707 1158 2782 Corfiniensibus,

106 2820 108 2867 ῑ
166 2795 217 2874 quid
229 2800 381 2879 Domitio,
404 2802 480 2886 quid
496 2803 651 2879 Lentulo,
675 2802 751 2883 quid
768 2800 895 2883 reliquis
914 2801 1082 2875 accideret,
1105 2801 1160 2882 qui

165 2906 274 2978 quosque
296 2906 427 2960 eventus
451 2897 638 2981 exciperent.
675 2906 786 2978 quarta
809 2895 913 2980 vigilia
935 2895 1056 2959 circiter
1073 2895 1160 2958 Len·
1177 2913 1209 2959 ‘22

106 3008 108 3019 ·
166 2982 223 3053 ulus
235 2988 383 3076 Spinther
400 2990 439 3055 de
456 3013 545 3055 muro
563 3013 635 3054 curn
653 2989 768 3074 vigiliis
783 2987 1027 3072 custodibusque
1044 2988 1159 3053 nostris

106 3112 109 3151 z
165 3076 330 3167 aloquitur:
350 3083 440 3161 velle,
455 3085 482 3149 si
496 3085 556 3149 sibi
569 3084 623 3148 fiat
636 3093 784 3168 potestas,
800 3081 969 3147 Caesarem
983 3082 1158 3147 convenire.

106 3180 108 3187 '
165 3165 223 3240 stota
235 3189 387 3262 potestate
406 3201 445 3242 ex
462 3179 577 3263 oppido
595 3179 734 3255 mittitur,
753 3199 855 3261 neque
873 3176 913 3241 ab
932 3199 969 3240 00
986 3176 1073 3262 prius
1090 3175 1160 3240 Do-

165 3264 252 3336 ¹litiani
272 3273 388 3337 milites
411 3273 589 3348 discedunt,
616 3294 710 3355 quam
733 3272 764 3335 in
788 3282 989 3355 conspectum
1013 3269 1159 3335 Caesaris

165 3353 313 3431 deducatur.
342 3389 414 3431 eum
428 3389 465 3431 eo
479 3367 518 3430 de
533 3366 633 3431 salute
648 3389 705 3429 sua
720 3367 793 3451 agit,
814 3377 881 3430 orat
899 3376 992 3448 atquc
1006 3365 1158 3441 obsecrat,

165 3462 189 3515 ul
203 3459 251 3525 sibi
271 3472 394 3547 pareat,
421 3472 621 3544 veteremque
644 3460 812 3524 amicitiam
834 3469 1057 3525 commemorat
1079 3457 1160 3522 Cae·
1259 3537 1261 3541 ,

167 3550 274 3637 ⁸trisque
287 3556 321 3620 in
335 3579 369 3620 se
383 3555 534 3621 beneficia
548 3555 690 3640 exponit3
710 3577 789 3638 quae
804 3567 891 3618 crant
908 3553 1057 3616 maxima:
1076 3552 1160 3635 quod

166 3655 203 3718 111
215 3668 278 3713 eum
291 3650 324 3713 in
338 3649 505 3735 collegium
519 3648 702 3734 pontificum
715 3660 851 3723 venerat,
871 3648 955 3730 quod
968 3645 1160 3730 provinciam

168 3725 322 3823 Hispaniam
341 3766 381 3807 ex
398 3754 543 3828 praetura
559 3741 720 3817 habuerat,
739 3743 823 3825 quod
836 3742 869 3805 in
882 3741 1030 3826 petitione
1048 3760 1161 3801 eonsu-

168 3819 223 3897 ltus
237 3849 299 3902 erat
317 3838 509 3903 sublevatus.
538 3838 627 3902 cuius
646 3837 816 3902 orationem
832 3835 952 3901 Caesar
969 3832 1159 3918 interpellat:

169 3938 251 3994 ttnon
268 3932 413 3997 maleficii
435 3955 531 3997 eausa
548 3955 588 3995 ex
605 3932 766 4017 provincia
784 3953 960 4017 egressum,
984 3929 1040 3994 scd
1063 3927 1108 3991 uti
1126 3949 1160 3991 se

168 4027 367 4092 auntumeliis
386 4028 581 4092 inimicorum
599 4026 789 4103 defenderet,
808 4037 843 4090 ut
861 4025 1000 4089 tribunos
1013 4021 1114 4108 plebis
1128 4021 1161 4085 in

106 4198 108 4203 Ι
168 4128 193 4174 11
203 4137 229 4181 re
243 4142 281 4185 ex
299 4121 424 4186 civitate
443 4122 589 4206 expulsos
612 4122 645 4185 in
663 4144 753 4186 suam
771 4121 955 4206 dignitatem
972 4117 1159 4191 restitueret,

166 4214 189 4268 11
201 4230 228 4275 sc
242 4225 272 4278 et
287 4215 440 4300 populum
452 4215 630 4281 Romanum
644 4215 778 4279 factione
791 4236 962 4299 paucorum
976 4232 1161 4296 oppressum

164 4295 358 4374 inlibertatem
377 4310 556 4374 vindicaret.
592 4309 680 4374 cuius
699 4309 836 4374 oratione
855 4306 1056 4373 confirmatus
1074 4305 1160 4369 Len-

161 4395 237 4477 lulns,
262 4405 350 4468 utin
372 4405 522 4489 oppidum
548 4405 662 4468 reverti
683 4403 788 4481 liceat,
816 4403 907 4487 petit:
935 4401 1020 4485 quod
1041 4398 1081 4463 dc
1103 4421 1161 4463 sua

158 4491 239 4560 salute
254 4498 473 4584 impetraverit,
493 4499 559 4563 fore
578 4499 671 4563 ctiam
689 4498 816 4580 reliquis
835 4498 875 4561 ad
894 4503 983 4560 suam
1003 4517 1091 4580 spem
1110 4516 1160 4557 so-

152 4583 226 4668 1011ος
244 4592 320 4658 adeo
338 4615 409 4658 esse
427 4595 604 4679 perterritos
624 4592 797 4668 nonnullos,
816 4602 850 4655 ut
869 4592 943 4656 suae
957 4591 1039 4654 vitae
1053 4587 1159 4652 durius
