2738 5272
196 788 341 833 xxxlln
658 791 820 834 PRAEFATIO

193 902 295 973 quibus
323 901 418 956 serbis
445 917 502 954 non
526 901 672 956 dubitasse
695 901 879 967 delderetur,
898 898 959 954 fieri
977 900 1085 970 potuit,
1103 908 1135 956 ut
1152 903 1202 958 alii
1220 905 1288 960 illud

191 976 309 1025 auctore
320 970 414 1024 octavi
424 969 489 1023 libri
499 967 664 1024 Suetonium
675 987 730 1024 ma·
749 970 987 1038 amplecterentur
1001 977 1029 1024 ct
1047 976 1105 1023 tres
1122 974 1287 1042 superstites

192 1038 325 1092 bifestum
336 1044 392 1105 ost,
411 1038 543 1092 coneedit
557 1039 684 1107 quidem,
707 1037 731 1090 si
749 1037 786 1090 ad
804 1038 889 1091 alium
908 1043 1052 1091 auctorem
1069 1037 1222 1110 referrent,
1241 1043 1287 1096 alii

191 1106 220 1159 in
230 1105 634 1175 superioribnsdubitationem
645 1105 731 1175 signi·
750 1103 935 1159 differentiam
949 1122 1006 1159 non
1016 1106 1087 1158 tanti
1096 1107 1286 1165 existimantes

191 1173 304 1241 ficeret,
328 1191 389 1228 cum
409 1175 455 1228 hic
494 1191 587 1243 noque
606 1174 730 1228 adscribi
749 1173 1099 1243 Hirtioeosassignarent
1121 1175 1186 1230 Nou
1201 1177 1286 1233 fnisse

192 1241 340 1310 debuisse,
360 1243 409 1295 sed
420 1191 601 1311 indiiigenter
611 1258 681 1309 curn,
701 1250 732 1294 ut
750 1241 834 1295 ctiam
849 1241 896 1311 qui
915 1259 1009 1308 unum¹
1019 1243 1174 1298 alterumve
1193 1245 1286 1315 Hirtii,

192 1326 290 1379 saepe,
307 1310 431 1364 locutum
441 1327 504 1364 esse
515 1310 655 1379 opinatur.
675 1311 729 1364 Sed
749 1309 874 1379 reliquos
888 1309 960 1363 alius
975 1309 1130 1364 aliorumve
1141 1328 1205 1368 csse
1215 1315 1288 1368 arbi-

191 1378 255 1459 quis
286 1379 397 1446 credat,
433 1378 612 1448 quantumvis
642 1378 731 1432 multa
749 1384 904 1444 tristentur,
924 1379 1155 1447 quaesentcntia
1172 1398 1224 1450 pro
1246 1390 1287 1436 tcr

191 1451 247 1499 smt
269 1445 298 1499 in
317 1463 351 1500 eo
375 1446 513 1515 scriptore
537 1446 729 1515 negligentiae
749 1445 938 1499 diversitatem
958 1461 1053 1499 eorum
1072 1446 1158 1501 facile
1173 1400 1287 1516 proiari

192 1514 375 1583 documenta,
401 1520 509 1568 tantam
529 1513 589 1568 eius
608 1514 858 1634 eseliau-‘posset
886 1513 932 1566 vix
952 1514 1087 1568 credibile
1105 1515 1232 1585 videtur,
1254 1535 1287 1573 ac

191 1582 258 1636 tiam
278 1582 379 1650 fuisse,
407 1588 451 1650 ut,
481 1599 563 1652 quem
582 1582 666 1635 modo
689 1583 728 1635 in·
762 1579 1286 1640 ortssseSuctoniusbrevitatisstudio

191 1657 298 1705 certum
317 1657 460 1704 auctorem
492 1649 627 1718 dixisset,
667 1666 728 1704 cum
748 1650 853 1703 nullam
881 1665 978 1703 corum
1005 1651 1176 1705 mentionem
1202 1653 1286 1709 sccit'

191 1720 291 1773 codem
309 1718 428 1787 vestigio
462 1734 492 1772 ro
508 1725 585 1773 certo
600 1725 728 1787 poneret.
748 1715 806 1771 Sed
820 1718 1075 1788 quomodocunque
1090 1718 1125 1772 de
1141 1736 1175 1774 ea
1188 1738 1219 1774 rc
1234 1731 1286 1776 sta·

189 1787 223 1840 In
258 1735 493 1844 antecedentiius
529 1785 610 1852 dicit,
646 1787 729 1839 tridm
747 1786 864 1864 ruimus,
891 1785 945 1838 boe
967 1786 1016 1839 illo
1040 1787 1202 1864 testimonio
1220 1806 1286 1858 con·

190 1855 302 1908 illorum
320 1855 455 1909 librorum
474 1861 616 1907 auctorem
638 1853 729 1907 incer·
748 1860 824 1906 sture
838 1854 961 1921 videtur,
981 1853 1064 1906 Histri
1079 1870 1142 1908 osse
1157 1862 1287 1912 octavum

190 1929 247 1977 tum
266 1939 342 1989 esse,
378 1921 448 1974 nihil
467 1921 502 1974 dc
521 1928 621 1975 octauo
641 1922 728 1988 libr03
749 1922 849 1974 librum
863 1928 913 1975 aut
932 1929 1008 1976 corto
1027 1923 1077 1975 illo
1096 1929 1223 1992 tempere
1237 1943 1287 1994 pu·

189 1991 272 2044 buius
286 1990 375 2058 igitur
388 1995 489 2042 auctor
502 1997 595 2043 certus
605 1996 728 2043 ctnotus
748 1995 836 2042 tatum
851 2006 928 2057 esse,
955 2006 1007 2043 nec
1022 1990 1057 2044 de
1073 1991 1149 2044 bello
1163 1991 1287 2047 Alexan-

189 2059 240 2111 illo
263 2063 389 2125 tempore
411 2055 480 2135 fuit,
506 2062 659 2125 propterca
681 2057 728 2126 qui
747 2057 828 2110 drino
848 2057 885 2111 ob
905 2075 969 2125 cus,
998 2074 1070 2127 quae
1089 2061 1286 2127 supradictae

189 2123 311 2178 Hirtium
328 2124 548 2178 Alexandrinum
571 2124 728 2194 etreliqua
748 2131 824 2190 sunt,
844 2142 945 2179 causas
956 2125 1155 2179 dubitabimus.
1181 2128 1231 2197 At,
1246 2129 1286 2182 in·

189 2193 267 2246 bella
281 2191 428 2259 scripsisse
442 2192 597 2260 putabunt,
616 2193 670 2246 boc
684 2211 726 2246 ar·
748 2195 860 2262 quiunt,
879 2193 1013 2262 temporis
1024 2192 1095 2247 ratio
1107 2194 1212 2250 obstat
1244 2197 1287 2250 Ac

190 2259 376 2329 gumentouti
408 2264 532 2327 oteraut,
571 2261 727 2314 uodetiam
747 2261 864 2330 primum
892 2263 1006 2331 quidem
1031 2261 1286 2318 Forcbbammcrus

190 2335 320 2382 octavum
335 2328 369 2380 de
385 2277 563 2381 i.Gallicolr
586 2329 726 2389 rumscri·
746 2329 817 2408 pat>
833 2328 894 2401 ‘qui
909 2329 1030 2382 assiduis
1044 2327 1129 2387 Balbi
1147 2332 1286 2396 vocibus',

188 2395 301 2465 psisset.
335 2394 400 2447 Hoc
426 2395 517 2463 ipsum
543 2402 637 2450 autem
660 2396 728 2450 mihi
747 2396 996 2467 mquit,‘deniquc
1006 2398 1059 2450 bos
1070 2401 1286 2454 commentarios

188 2480 241 2533 pro
252 2461 413 2517 testimonio
425 2468 477 2531 cst,
485 2468 615 2517 octauum
626 2464 727 2517 librum
747 2465 912 2518 scribendos
923 2464 1061 2534 suscepit,
1074 2481 1132 2519 non
1143 2467 1237 2521 statim
1246 2471 1286 2522 in·

189 2537 274 2584 antea
302 2531 408 2584 editum
440 2536 547 2600 essctt,
582 2531 727 2603 ipsiusque
746 2533 866 2587 terfecto
884 2534 1005 2587 Caesare
1033 2550 1105 2602 opus
1132 2551 1286 2605 aggressus

188 2598 273 2652 Hirtii
287 2614 389 2652 nomen
402 2597 564 2668 inscriptum
583 2599 726 2654 habuisse.
746 2602 805 2654 est!
841 2600 976 2655 Nimirum
986 2601 1041 2655 hoc
1051 2604 1155 2655 sactum
1166 2620 1243 2669 esse,
1263 2605 1286 2658 si

189 2666 277 2720 Liber
309 2667 343 2720 de
376 2666 403 2719 b.
434 2666 625 2721 Alexandrino
661 2684 726 2734 una,
747 2667 855 2722 Hirtius
873 2676 956 2722 autor
973 2668 1040 2737 fuit,
1058 2685 1177 2724 necesse
1196 2678 1285 2741 putat,

96 2772 102 2783 .
190 2736 303 2804 opinor,
322 2751 384 2789 cum
404 2734 533 2789 Caesaris
552 2736 587 2790 dc
607 2736 633 2790 b.
652 2736 727 2790 cirili
747 2753 808 2790 cum
836 2736 891 2790 iam
917 2753 991 2790 auno
1027 2744 1085 2790 rost
1107 2737 1285 2793 interfectum

189 2802 397 2858 commentariis
411 2810 440 2858 et
453 2803 555 2874 reliqui
569 2805 624 2858 duo
639 2805 726 2859 incer·
746 2805 895 2858 Caesarem
906 2805 942 2858 ad
952 2754 1089 2858 Mutinam
1100 2805 1212 2860 obierit.
1238 2807 1285 2869 At,

189 2879 280 2925 torum
307 2877 453 2926 auctorum
480 2871 544 2926 libri
572 2880 639 2941 post
665 2874 726 2927 eius
746 2872 1283 2952 siepistolaevorbaprcmendasunt,

187 2950 319 3008 mortem,
338 2956 401 2993 cum
412 2956 493 2995 omne
505 2957 577 3009 opus
589 2940 729 3009 perticere
746 2958 795 2994 cur
805 2957 862 2994 non
872 2939 956 2994 etiam
971 2941 1136 2994 brevissimo
1150 2943 1285 3010 temporis

187 3024 243 3061 non
255 3008 408 3076 potuisset,
424 3007 493 3061 editi
507 3014 581 3060 sunt.
611 3009 726 3062 Itacum
746 3008 838 3087 spatio
857 3010 1007 3061 assiduae
1024 3007 1109 3062 Balbi
1125 3025 1212 3064 voces
1226 3010 1286 3064 fue·

189 3076 224 3128 de
243 3081 345 3128 octavo
364 3074 438 3127 libro
457 3091 514 3128 non
539 3074 726 3143 dubitaretur,
746 3082 814 3143 rrnt,
851 3076 954 3146 quibus
980 3079 1144 3130 cotidiene
1172 3086 1312 3133 recusa-¹

188 3142 238 3196 reli
261 3158 313 3195 uos
326 3147 420 3195 autem
434 3157 491 3194 non
506 3141 567 3209 ipse
581 3142 726 3264 edidisseti
746 3144 822 3197 tione
845 3144 951 3197 restitit
976 3144 1110 3213 scriptor,
1138 3161 1201 3199 cum
1227 3162 1284 3200 non

188 3209 224 3261 de
271 3209 308 3276 is,
336 3208 463 3277 quamvis
490 3208 518 3260 in
546 3209 667 3288 epistola
689 3227 706 3264 a
745 3211 837 3280 possit
852 3211 955 3265 cotidie
969 3229 1100 3266 recusare
1114 3212 1167 3266 nisi
1183 3213 1231 3282 qui
1241 3230 1284 3266 ro·

187 3276 307 3330 Balbum
335 3291 365 3329 se
396 3275 506 3344 reliqua
537 3283 622 3331 stram
650 3279 726 3332 bella
745 3279 964 3349 gatureotidic?
993 3280 1097 3344 Quidni
1115 3282 1285 3334 autem-hoc

187 3360 335 3398 enarrasse
353 3343 457 3396 diserte
476 3343 595 3398 dixisset
607 3344 725 3413 Hirtius,
746 3347 1284 3417 statimpostCaesariscaedcmfactum

186 3417 300 3480 poterat
313 3417 342 3464 et
356 3410 622 3490 proptertlibrorum
637 3413 725 3468 diver·
745 3420 888 3484 putemus,
917 3432 979 3469 cum
1002 3432 1102 3470 recens
1124 3422 1202 3470 essct
1223 3417 1284 3471 eius

187 3480 311 3544 ritatem,
332 3495 404 3549 quac
415 3495 567 3546 nemmem,
583 3480 631 3550 qui
639 3482 725 3549 paulo
745 3483 879 3537 memoria
887 3483 1025 3554 amicique
1040 3490 1177 3552 cuperent
1186 3501 1284 3538 omncs

187 3547 346 3602 accuratius
360 3563 410 3600 cos
429 3547 623 3616 cognovisset,
642 3549 725 3619 fugit,
745 3567 790 3604 res
808 3551 845 3604 ab
864 3567 898 3605 oo
917 3560 1014 3620 gestas
1036 3552 1171 3606 illustrari
1193 3552 1283 3621 primo

186 3616 313 3671 debebat
321 3614 460 3669 dubitatio
471 3615 549 3682 oriri,
567 3633 620 3670 nec
635 3619 725 3672 solum
745 3635 857 3689 quoque
873 3626 927 3673 tem
951 3620 1018 3673 oro?
1050 3618 1172 3673 Gravius
1186 3627 1232 3675 est
1244 3621 1283 3674 ul·

186 3684 332 3738 Hirtiusnc
351 3700 388 3738 an
403 3681 513 3753 Oppius
531 3691 633 3738 auctor
651 3694 726 3741 esset
746 3693 849 3754 terum,
868 3638 948 3766 quoii
963 3687 1122 3756 opponitur.
1162 3686 1284 3768 Nipper-

186 3753 347 3808 dubitatum
373 3752 493 3807 videtur.
534 3751 623 3810 Recte
651 3755 725 3808 enim
745 3753 825 3808 deius
836 3772 910 3808 curm
920 3755 1149 3824 contenuitpaa,
1160 3755 1283 3809 Hirtium

187 3820 420 3875 Schneiderus:⁶⁵
435 3818 505 3876 ‘Sed
515 3820 539 3874 si
548 3837 593 3875 rcs
603 3821 643 3876 ita
653 3839 725 3876 com·
744 3840 802 3875 non
816 3830 881 3877 ante
895 3839 1000 3877 annum
1013 3823 1061 3891 43,
1081 3841 1137 3893 quo
1152 3824 1284 3877 consula-

185 3897 285 3957 parata
299 3889 366 3956 fuit,
385 3895 418 3943 ut
432 3895 482 3943 aut
491 3888 576 3942 Hirtii
587 3906 725 3943 commen·
744 3897 802 3943 tum
818 3907 880 3943 cum
894 3891 989 3945 Pansa
1003 3892 1105 3961 gessit,
1128 3890 1181 3945 bos
1195 3891 1283 3945 libros

186 3957 288 4025 tarios,
308 3974 379 4026 quos
399 3957 522 4011 edidisse
541 3956 602 4026 ipse
616 3958 725 4028 proies·
744 3959 867 4012 scribere
887 3975 903 4012 s
925 3976 1051 4027 gressum
1070 3975 1146 4025 esse,
1173 3975 1236 4012 cum
1255 3959 1284 4012 in

186 4041 234 4075 sus
248 4035 338 4092 esset,
356 4024 501 4092 interisse,
524 4032 574 4079 aut
587 4032 645 4079 tres
659 4025 725 4080 illos
744 4042 787 4095 ep.
808 4026 845 4079 ad
866 3976 984 4080 tisibum
1003 4045 1033 4096 sc
1054 4026 1185 4080 Caesaris
1208 4043 1283 4080 com-

186 4090 223 4143 ab
234 4107 268 4145 eo
279 4093 400 4161 scriptqs
415 4108 478 4145 esse
493 4094 673 4148 statuendum
687 4093 724 4147 vi·
744 4094 896 4147 mentarios
916 4095 1082 4164 perduxisse
1105 4095 1182 4149 dicat
1204 4113 1285 4165 usque

743 4164 778 4214 ed
795 4164 889 4215 exitum
907 4182 960 4214 stoa
973 4165 1073 4231 quidem
1087 4165 1170 4215 ciuilis
1188 4165 1283 4216 dissen-

210 4272 236 4310 ol
249 4271 328 4310 lnlnrts
337 4271 462 4320 bemhardy
471 4271 527 4311 illst.
533 4271 586 4312 Litt.
593 4273 653 4312 aom.
659 4285 680 4323 p.
687 4276 725 4315 aaa
743 4231 836 4310 denis,
851 4232 1009 4311 ww‘ifinem
1020 4233 1121 4283 nullum
1131 4232 1224 4310 vilqai’
1239 4232 1285 4311 'ted

186 4322 250 4360 etlam
258 4323 314 4361 bunc
324 4323 400 4362 llbrum
410 4323 557 4371 Imperfectum
570 4324 597 4361 sb
607 4325 678 4364 Hirtio
691 4337 724 4365 re·
743 4299 951 4377 ”¹³⁰⁶‚C‘2330fffi
980 4299 1073 4378 ,‘N¹¹‚m
1088 4298 1123 4352 de
1139 4298 1214 4352 ⁰¹V¹l¹
1228 4299 1283 4352 dm*

186 4373 259 4412 lictum
270 4383 317 4413 erae
330 4373 394 4418 dicits
406 4384 455 4413 nam
465 4375 594 4422 pauclsslma
607 4376 655 4421 ills,
670 4387 724 4425 quae
744 4366 897 4429 sensione',
909 4373 1001 4435 lnquli
1011 4366 1104 4436 Nipp.,
1119 4367 1187 4421 ‘hoe
1197 4367 1282 4420 modo

186 4428 281 4463 extremo
308 4425 362 4464 libro
389 4424 477 4472 desunt,
505 4426 527 4463 tn
551 4425 661 4465 codicibus
686 4439 724 4466 ex·
743 4433 868 4487 digitum
879 4435 989 4487 demum
999 4440 1282 4505 p0t0r3q‚pogtquam

185 4474 290 4514 errarunt.
743 4501 915 4556 Octavianus
925 4503 953 4555 in
965 4502 1087 4557 Galliam
1100 4503 1281 4570 discesserat,

210 4535 235 4573 ab
248 4535 282 4573 Dc
296 4535 416 4584 lndsgsndo
434 4536 487 4575 belli
501 4535 653 4586 iltspaulensls
671 4539 723 4578 scri·
1149 4570 1156 4583 .

185 4585 395 4635 condisputat.
742 4586 816 4639 quas
842 4570 921 4624 facta
948 4577 1013 4624 sunt
1038 4570 1157 4625 Octobrr
1183 4585 1281 4625 mense
