2692 5206
471 831 589 888 COMM.
608 834 629 886 l.
647 832 764 887 atr-31.
1090 821 1129 883 lt')

120 964 214 1029 iebus
232 958 338 1023 domos
361 980 435 1022 suas
458 957 597 1021 Ilelretii
622 957 834 1039 reliquissent,
862 956 907 1020 uti
929 957 985 1021 toti
1008 955 1129 1021 Galliae

124 1055 234 1121 bellum
256 1053 403 1119 inferrent
429 1053 619 1137 imperioque
645 1052 816 1136 potirentur
842 1051 1005 1135 locumque
1031 1052 1130 1116 domi·

132 1150 197 1214 dio
215 1170 246 1213 er
259 1171 373 1234 magna
391 1149 480 1233 copia
498 1147 678 1232 deligerent,
698 1169 790 1229 quem
804 1169 843 1210 ex
857 1148 940 1210 omni
954 1145 1058 1211 Gallia
1076 1170 1131 1233 op-

135 1243 366 1327 portunissimum
381 1264 417 1306 ac
430 1241 714 1305 fructuosissimum
728 1241 925 1317 iudicassent,
935 1242 1130 1325 reliquasque

142 1333 258 1400 civitates
278 1336 493 1420 stipendiarias
510 1334 669 1400 haberent.
705 1335 868 1419 petierunt,
887 1336 932 1399 uti
951 1335 1009 1400 sibi
1028 1338 1130 1400 conci·

143 1426 295 1495 liumtotius
306 1428 428 1495 Galliae
446 1429 574 1493 indiam
593 1439 708 1493 certam
727 1429 862 1494 indicere
880 1429 974 1513 idque
984 1428 1129 1495 Caesaris

146 1519 272 1589 noluntatc
282 1525 385 1590 facere
403 1523 521 1588 liceret:
542 1545 610 1588 sese
623 1523 745 1587 habere·
755 1524 908 1606 quasdam
926 1547 986 1600 res,
1000 1547 1077 1608 quas
1091 1548 1130 1589 ex

151 1620 271 1683 communi
291 1616 447 1685 censensu
469 1617 509 1682 ab
527 1640 564 1682 eo
581 1629 686 1702 petere
704 1617 828 1682 vellent.
869 1639 906 1683 ea
928 1640 961 1681 re
978 1620 1131 1703 permissa
1155 1684 1157 1689 .

152 1707 213 1773 diem
223 1716 341 1780 concilio
354 1715 579 1779 constituerunt
592 1724 622 1777 et
636 1713 841 1790 iureiurando,
852 1735 891 1777 ue
905 1715 975 1798 quis
990 1716 1131 1779 enuntia-

153 1807 248 1878 sanai
259 1808 368 1893 quibus
387 1808 544 1874 communi
559 1807 688 1872 consilio
702 1809 882 1872 mandatum
897 1819 989 1885 esset,
1004 1809 1084 1873 iuter
1097 1833 1131 1874 sc

155 1914 291 1968 aruerunt.
326 1926 365 1968 eo
387 1903 517 1967 concilio
534 1903 663 1967 dimisso
685 1903 768 1966 idem
786 1902 941 1988 principes
960 1902 1130 1982 civitatum,
1149 1928 1177 1974 31

155 1988 193 2067 qli
207 2006 263 2061 ute
285 1996 422 2073 fuerant,
445 1997 486 2061 ad
504 1996 672 2062 Caesarem
694 2006 883 2060 reverterunt
905 1997 1130 2083 petieruntque,

156 2081 244 2154 nisibi
258 2103 374 2157 secreto
396 2093 428 2156 in
446 2092 568 2156 occulto
585 2092 624 2155 de
642 2115 700 2156 sua
717 2093 917 2177 omniumque
939 2092 1038 2158 salute
1059 2116 1130 2158 cum

156 2186 393 2265 angustieris.
429 2209 467 2250 ca
483 2208 516 2272 re
534 2186 697 2270 impetmta
714 2207 783 2251 sese
802 2208 910 2251 omnes
927 2186 1036 2252 flentes
1051 2187 1132 2253 Cae-

157 2270 200 2334 Μή
211 2278 241 2341 ad
255 2280 348 2365 pedes
365 2280 575 2366 proiecerunt:
594 2302 657 2344 non
673 2280 775 2345 minus
795 2302 829 2344 se
846 2281 879 2344 id
897 2283 1082 2347 contendere
1100 2293 1130 2346 et

156 2358 316 2449 liberatque
330 2397 377 2451 ca,
392 2396 473 2458 quae
487 2373 649 2450 dixissent,
664 2375 903 2453 enuntiarentur,
918 2398 1011 2459 quam
1025 2377 1071 2440 uti
1083 2398 1129 2453 ea,

155 2468 338 2546 quererent,
360 2470 575 2554 impetrarent,
597 2479 761 2554 propterea
777 2470 875 2553 quod,
894 2470 920 2533 si
939 2472 1130 2535 enuntiatum

155 2568 218 2632 tlstl,
232 2584 382 2626 summunt
401 2564 433 2626 iu
450 2563 622 2627 enreintum
636 2585 670 2626 sc
683 2572 829 2628 venturos
844 2564 993 2628 viderent.
1024 2566 1132 2630 Locu-

154 2652 188 2710 lut
197 2664 230 2717 est
240 2679 292 2742 pro
305 2658 355 2722 his
364 2657 540 2721 Divitiaeua
550 2656 718 2721 Haeduus:
738 2654 860 2721 Galliac
873 2659 967 2721 totius
982 2658 1131 2723 factiones

154 2758 200 2807 tlte
215 2749 297 2816 duas:
323 2751 435 2815 harum
457 2751 583 2815 alterius
610 2751 816 2835 principatum
843 2761 946 2815 tenere
968 2751 1131 2828 Haeduos,

153 2832 241 2909 alienu
250 2846 420 2911 Arvernos.
450 2846 483 2910 hi
501 2868 571 2910 cum
590 2855 749 2929 tantopere
767 2845 806 2909 de
824 2855 984 2929 potentatu
1002 2846 1081 2909 inter
1099 2868 1133 2909 sc

152 2933 232 3003 multos
247 2962 344 3005 annos
364 2940 597 3017 contenderent,
622 2940 740 3003 sactum
757 2961 841 3016 esse,
860 2940 906 3002 uti
923 2938 963 3003 ab
981 2938 1132 3003 Arvernis

153 3018 332 3118 Sequanisque
344 3032 493 3100 Germani
511 3035 654 3100 mercede
673 3044 911 3099 arcesserentur.
942 3034 1054 3099 horum
1070 3035 1133 3119 pri-

151 3125 298 3193 mocirciter
311 3129 398 3193 milia
406 3128 473 3193 XV
483 3128 629 3193 Rhenum
643 3129 805 3192 transisse:
823 3139 1028 3213 posteaquam
1041 3151 1132 3215 agros

151 3222 173 3275 tl
189 3220 286 3287 cultum
314 3235 346 3288 et
373 3225 479 3309 copias
503 3222 666 3290 Gallorum
692 3224 834 3288 homines
862 3224 919 3288 feri
946 3246 983 3288 ac
1010 3224 1154 3291 barbari·

151 3307 325 3395 clamarent,
349 3319 506 3383 traductos
529 3320 647 3404 pliues:
675 3342 757 3383 nune
779 3342 849 3384 esse
871 3319 902 3382 in
921 3316 1025 3384 Gallia
1046 3320 1086 3384 ad
1105 3318 1133 3384 C

151 3404 242 3473 axx
261 3412 382 3476 milium
407 3435 580 3477 numerum.
625 3435 696 3477 cum
718 3412 767 3477 his
789 3413 942 3478 Haeduos
965 3436 1133 3497 eorumque

152 3492 244 3569 elates
265 3506 362 3570 semel
385 3517 478 3589 atquc
498 3507 610 3570 iterum
632 3508 726 3572 armis
749 3508 959 3585 contendisse3
987 3531 1133 3595 magnam

152 3588 321 3665 almtatem
338 3600 447 3685 pulsos
465 3602 632 3686 accepisse,
647 3623 771 3666 omnem
789 3601 989 3677 nobilitatem,
1009 3625 1134 3666 omnem

153 3700 268 3772 eramo,
286 3717 411 3760 omnem
429 3697 601 3778 equitatum
619 3697 771 3760 amisisse.
807 3696 921 3780 quibus
940 3697 1064 3781 proeliis
1083 3718 1134 3760 ea-

153 3772 366 3873 lateribusque
385 3790 510 3865 tractos,
525 3791 578 3872 qui
595 3802 626 3855 et
640 3814 698 3855 aua
711 3792 823 3854 virtute
837 3799 868 3854 et
881 3791 986 3875 populi
1000 3790 1133 3854 Romani

154 3866 358 3969 lupinaeque
373 3884 508 3947 amicitia
525 3885 691 3968 plurimum
706 3894 776 3948 ante
790 3885 822 3947 in
833 3882 937 3948 Gallia
949 3884 1132 3969 potuissent,

155 3982 242 4041 ‘litlot
262 3999 331 4042 esse
351 3976 506 4060 Sequanis
525 3978 650 4043 obsides
668 3979 742 4043 dare
759 3978 970 4042 nobilissimos
990 3977 1132 4053 civitatis,

155 4068 176 4119 ll
189 4061 365 4137 iureiurando
383 4073 539 4136 civitatem
562 4072 769 4158 obstringere,
792 4095 862 4136 sese
883 4094 985 4155 neque
1007 4071 1133 4139 obsides

154 4160 297 4237 aprinos
319 4189 421 4249 neque
444 4166 592 4230 auxilium
615 4191 634 4230 a
655 4167 772 4252 populo
789 4167 932 4230 Romano
955 4166 1133 4252 imploratu-

153 4264 194 4355 ros·
207 4276 293 4343 neque
315 4272 528 4337 recusaturos,
551 4284 613 4345 quo
636 4263 738 4326 minus
761 4272 910 4347 perpetuo
930 4261 988 4325 sub
1011 4262 1132 4326 illorum

153 4335 240 4416 deone
255 4364 348 4438 atque
365 4354 496 4438 imperio
514 4366 626 4419 esseut.
662 4379 759 4419 unum
774 4378 808 4419 sc
822 4377 891 4420 esse
905 4378 944 4419 ex
958 4357 1041 4420 omni
1060 4357 1134 4420 civi-

152 4446 196 4539 llll
208 4440 418 4524 Haeduorum,
441 4449 494 4532 qui
513 4448 625 4513 adduci
643 4474 705 4514 uon
726 4450 873 4535 potuerit,
898 4459 932 4513 ut
948 4451 1063 4515 iuraret
1080 4462 1134 4514 aut

150 4520 234 4603 liberos
258 4564 332 4607 suos
355 4540 481 4606 obsides
504 4542 599 4607 daret.
645 4543 685 4608 ol)
708 4567 777 4608 eam
798 4567 863 4608 rem
892 4567 925 4609 se
949 4567 988 4608 ex
1010 4544 1133 4608 civitate

148 4628 293 4721 tetigisse
306 4647 338 4700 et
349 4636 483 4702 Romam
501 4638 541 4701 ad
560 4648 701 4703 senatum
719 4639 842 4704 venisse
860 4639 1010 4703 auxilium
1027 4648 1134 4722 postu-
