2692 5206
509 114 633 166 t‘ll‘l'T
657 118 709 162 to-
733 116 766 163 ΙΝ.
1078 103 1136 161 ζ’ἒΙῘ

125 242 247 304 solertia
268 260 357 320 atque
377 262 425 299 ars
443 239 625 320 praesidium
643 240 742 305 lirret,
763 262 859 318 raupa·
875 262 1001 300 autumo
1016 240 1138 298 turritan

125 333 352 419 praestantibus
371 332 535 393 multitudo
554 332 728 414 prodesset,
755 352 853 412 neque
877 332 965 395 electi
987 332 1027 395 ad
1046 333 1141 394 virtu-

124 441 186 492 tem
205 450 222 491 e
241 437 327 490 tanta
344 425 538 488 multitudine
557 424 614 486 viri
632 424 735 487 virtuti
753 438 926 488 nostrorum
946 437 1073 509 possent
1087 426 1141 489 ad-

124 542 268 605 aequare.
295 519 415 603 capitur
431 519 490 582 hoc
508 517 625 603 proelio
642 517 870 599 quinqueremis
888 540 950 583 una
967 531 998 583 ct
1015 518 1140 583 biremis

124 639 195 681 cnm
205 612 421 678 defensoribus
430 611 672 697 remigibusque,
687 623 718 674 et
730 609 943 694 deprimuntur
955 623 1017 676 tres
1027 614 1141 677 nostris

123 707 332 775 incolumibus
350 706 503 771 omnibus.
530 705 666 787 reliquae
683 705 886 790 propinquam
903 706 1012 792 fugant
1030 707 1070 771 ad
1087 728 1142 790 op-

123 804 234 889 pidum
252 802 391 885 capiunt;
409 823 487 882 quas
505 811 704 884 protexerunt
721 821 760 862 ex
777 798 908 865 molibus
927 810 1019 883 atque
1037 800 1143 864 acdifi-

124 898 181 962 ciis
204 892 437 959 imminentibus
459 907 490 957 ct
511 902 633 956 nostros
657 892 741 956 adire
763 893 888 977 propius
910 892 1141 978 prohibuerunt.

123 990 185 1055 hoc
203 1011 243 1052 ne
262 988 322 1052 sibi
340 988 464 1072 saepius
482 987 621 1051 accidere
642 997 761 1070 posset,
785 987 867 1050 omni
889 988 1006 1052 ratione
1025 987 1143 1053 Cacsar
1164 1008 1192 1052 rr
1277 980 1279 986 ’

123 1083 376 1150 contendendum
394 1083 590 1158 existimavit,
609 1092 643 1145 ut
659 1082 792 1145 insulam
811 1081 983 1166 molemque
1001 1082 1040 1147 ad
1058 1083 1143 1147 insu·

123 1179 188 1243 lam
206 1178 412 1262 pertinentem
434 1177 468 1240 in
490 1199 579 1240 suam
600 1176 753 1260 redigeret
770 1185 962 1259 potestatem.
999 1177 1143 1261 perfectis

124 1272 208 1336 enim
231 1293 346 1355 magna
369 1281 516 1354 exparte
539 1269 760 1333 munitionibus
781 1267 813 1330 in
838 1270 951 1352 oppido
976 1270 1069 1335 ctiam
1092 1269 1144 1334 illa

124 1363 237 1429 urbem
255 1386 317 1427 uno
335 1375 473 1448 tempore
490 1363 633 1446 temptari
651 1385 744 1447 posse
763 1362 945 1428 confidebat.
973 1386 1035 1448 quo
1053 1377 1143 1449 capta

125 1458 258 1523 consilio
284 1457 426 1522 cohortes
452 1457 488 1520 X
515 1468 545 1520 ct
569 1455 647 1521 levis
670 1468 842 1522 amrattuae
864 1457 977 1524 clectos
1004 1480 1144 1542 quosque

124 1552 257 1617 idoncos
275 1573 314 1615 ex
332 1551 487 1634 equitibus
503 1549 603 1615 Gallis
621 1550 827 1616 arbitrabatur
844 1552 875 1615 in
888 1553 1013 1638 navigia
1025 1553 1145 1617 minora

126 1645 324 1730 scapltasque
346 1645 488 1728 imponit3
516 1645 643 1707 alteram
665 1644 784 1708 insulae
810 1657 927 1729 partem
952 1646 1144 1711 distinendae

126 1762 239 1803 manus
249 1760 345 1801 causa
358 1738 521 1801 constratis
535 1738 666 1802 navibus
679 1739 859 1823 aggreditur
870 1740 1013 1823 praemiis
1023 1740 1144 1826 magnis

126 1831 304 1917 propositis,
322 1830 376 1914 qui
393 1832 511 1916 primus
530 1832 661 1895 insulam
680 1833 822 1916 cepisset.
850 1855 886 1896 ac
898 1833 1030 1916 primurn
1047 1834 1146 1918 impe-

127 1938 194 1989 tum
212 1934 387 1989 nostrorum
405 1925 520 2008 pariter
537 1925 756 1989 sustinuerunt.
784 1948 846 1989 uno
864 1927 944 1989 enim
963 1936 1100 2011 ternpore
1114 1938 1145 1990 et

127 2041 167 2083 cx
184 2018 275 2083 tectis
293 2017 504 2082 aedificiorum
518 2019 754 2104 propugnabant
767 2029 797 2082 ct
810 2019 900 2082 litora
913 2019 1021 2082 armati
1038 2019 1146 2083 defen·

127 2113 257 2190 debant,
284 2135 347 2196 quo
369 2125 494 2198 propter
515 2115 713 2198 asperitatem
736 2113 795 2177 loei
821 2136 883 2177 non
910 2113 1009 2177 facilis
1030 2113 1145 2177 nostris

128 2207 232 2272 aditus
250 2207 390 2283 (labatur,
409 2218 441 2271 ct
458 2208 581 2292 scaphis
599 2207 792 2290 navibusque
809 2207 911 2293 longis
930 2207 1066 2290 quinque
1080 2230 1147 2270 nro-

131 2300 234 2365 biliter
256 2311 286 2364 ct
309 2300 441 2365 scienter
462 2302 623 2387 angustias
645 2300 706 2365 loci
728 2299 900 2365 tuebantur.
938 2300 992 2364 sed
1010 2298 1064 2365 ubi
1085 2300 1148 2384 pri-

130 2416 216 2457 mum
237 2393 314 2458 locis
337 2395 469 2480 cognitis
491 2395 642 2478 vadisque
660 2395 870 2480 pertemptatis
893 2394 984 2478 pauci
1001 2392 1099 2457 nostri
1115 2393 1148 2456 in

129 2485 218 2551 litore
240 2487 442 2551 constiterunt
465 2501 557 2570 atquo
579 2489 636 2553 hos
659 2498 731 2553 sunt
753 2488 806 2551 alii
828 2487 987 2552 subsecuti
1004 2496 1149 2551 constan-

131 2592 238 2664 terque
255 2581 288 2644 in
305 2602 369 2658 eos,
388 2582 441 2664 qui
459 2582 491 2646 in
508 2583 595 2646 litore
613 2605 712 2666 aequo
729 2583 917 2659 institerant,
935 2583 1085 2667 impetum
1102 2580 1149 2644 fc-

132 2684 247 2751 ccrunt,
266 2696 374 2739 omnes
392 2675 538 2741 Pharitae
555 2686 643 2763 terga
660 2687 826 2741 verterunt.
862 2677 910 2741 his
928 2676 1028 2761 pulsis
1046 2686 1150 2740 custo·

132 2768 200 2832 diac
227 2780 335 2853 portus
360 2769 458 2834 relicti
483 2793 578 2835 naves
603 2771 644 2835 ad
665 2771 754 2834 litora
775 2782 805 2834 et
827 2771 930 2834 ticum
957 2769 1149 2855 applicarunt

134 2883 228 2945 seque
246 2883 286 2926 cx
302 2862 435 2928 navibus
453 2864 494 2928 ad
511 2866 625 2928 tuenda
642 2864 782 2928 aedilicia
800 2864 963 2927 eiecerunt.

193 2954 304 3039 Neque
326 2979 400 3021 vcro
419 2958 534 3021 diutius
556 2981 593 3023 ca
614 2958 784 3022 munitione
807 2980 840 3021 sc
863 2957 1019 3021 continere
1041 2970 1151 3040 potue·
1171 2975 1199 3020 rs

137 3057 217 3125 nmt,
240 3050 299 3114 etsi
317 3062 381 3114 erat
398 3073 460 3115 non
478 3051 627 3116 dissimile
645 3064 738 3135 atquc
755 3050 964 3114 Alexandriae
982 3071 1082 3135 genus
1100 3071 1150 3112 ae-

136 3142 319 3221 dificiorum,
347 3156 381 3208 ut
407 3147 527 3210 minora
552 3145 720 3210 maioribus
748 3146 957 3221 conferantur,
989 3154 1150 3225 turresque

137 3236 233 3301 editae
251 3248 283 3301 et
300 3238 481 3302 coniunctae
500 3241 578 3302 muri
595 3240 698 3303 locum
718 3238 912 3313 obtinebant,
934 3259 1036 3320 neque
1052 3237 1151 3300 nostri

137 3342 185 3393 aut
202 3330 296 3395 scalis
314 3346 367 3395 aut
385 3332 520 3396 cratibus
543 3344 596 3397 aut
618 3333 744 3416 reliquis
767 3332 860 3396 rebus
882 3331 982 3416 parati
1002 3340 1151 3394 venerant

137 3423 174 3487 ad
194 3426 449 3511 oppugnandum.
490 3426 545 3490 scd
567 3437 664 3490 terror
690 3425 867 3490 horninibus
894 3435 1029 3489 rnentcm
1051 3424 1152 3489 eonsi-

137 3513 271 3600 liumquc
293 3519 383 3604 cripit
405 3531 436 3584 ct
457 3519 596 3585 membra
618 3519 771 3596 debilitat,
799 3530 833 3582 ut
850 3529 924 3582 tunc
942 3517 1062 3583 accidit.
1098 3519 1150 3601 qni

137 3632 168 3673 sc
183 3610 217 3674 in
238 3632 339 3694 aequo
360 3612 429 3677 loeo
447 3635 485 3678 ac
505 3614 598 3698 plano
615 3637 706 3699 pares
728 3635 798 3677 esse
821 3610 1031 3689 confidebant,
1057 3612 1152 3676 iidem

137 3704 284 3787 perterriti
301 3705 379 3791 fuga
401 3727 528 3771 suorum
550 3718 581 3771 et
602 3708 697 3773 caede
718 3728 888 3792 paucorum
906 3705 1016 3770 XXX
1036 3707 1151 3791 pedum

137 3794 294 3862 altitudine
311 3798 344 3863 in
361 3800 509 3865 aedificiis
528 3801 695 3866 consistere
717 3800 786 3865 ausi
807 3823 869 3865 non
891 3811 963 3865 sunt
985 3821 1080 3883 seque
1098 3822 1153 3886 per

137 3889 248 3955 molem
265 3891 298 3955 in
315 3915 399 3957 mare
416 3893 695 3979 praecipitaverunt
712 3905 744 3959 ct
755 3892 880 3959 DCCC
892 3916 1043 3979 passuum
1060 3893 1153 3959 inter-
