2692 5206
494 799 622 858 CAPUT
640 799 758 854 47-51.
966 749 969 757 Ι
1073 786 1136 851 347

106 924 215 989 cuivis
233 922 327 987 facile
345 921 404 987 fuit
421 921 577 986 intellectu
593 920 731 1008 Scipioni
745 922 885 986 additum
903 923 1041 986 animum
1058 923 1137 986 lidu-

106 1021 260 1100 ciamque
276 1017 360 1102 regis
379 1017 523 1081 adventu.
568 1040 640 1079 nam
662 1027 786 1100 postero
809 1016 860 1079 die
882 1017 1044 1082 universas
1063 1039 1137 1081 suas

106 1112 264 1197 regisque
285 1111 393 1194 copias
416 1131 488 1173 cum
510 1109 682 1195 elephantis
704 1109 772 1173 LX
795 1108 962 1195 productas
985 1110 1017 1173 in
1039 1110 1137 1174 aciem

106 1228 210 1292 quam
229 1204 459 1289 speciosissime
477 1205 577 1288 potuit
594 1204 739 1268 instruxit
757 1225 793 1266 ac
810 1201 903 1287 paulo
925 1204 1049 1288 longius
1067 1226 1139 1289 pro-

106 1321 245 1385 gressus
273 1297 312 1361 ab
339 1297 406 1361 suis
433 1296 655 1361 munitionibus
682 1297 765 1360 haud
790 1297 834 1359 ita
856 1296 909 1359 diu
931 1306 1138 1361 commoratus

106 1415 138 1459 se
157 1391 279 1476 recipit
296 1391 329 1455 in
347 1401 457 1455 castra.
503 1390 630 1466 Caesar,
649 1401 813 1474 postquam
836 1389 1052 1453 animadvertit
1071 1387 1140 1455 Sci·
1157 1411 1188 1456 m

106 1485 202 1573 pioni
224 1484 342 1549 auxilia
368 1483 448 1559 fere,
475 1505 555 1567 quae
577 1492 803 1568 exspectasset,
831 1482 934 1546 omnia
956 1483 1140 1548 convenisse

106 1600 219 1664 neque
238 1600 357 1642 mamm
375 1578 536 1663 pugnandi
553 1576 649 1641 ullam
672 1577 752 1652 sore,
779 1599 835 1661 per
851 1577 959 1662 iugum
983 1600 1139 1642 summum

106 1696 185 1739 cum
210 1672 310 1757 copiis
327 1672 473 1756 progredi
495 1672 596 1756 coepit
618 1682 649 1735 et
666 1669 793 1734 brachia
814 1671 953 1754 protinus
977 1671 1090 1734 ducere
1109 1681 1140 1735 et

106 1766 246 1833 castella
268 1766 395 1828 munire
408 1765 599 1849 propiusque
623 1763 802 1849 Scipionem
825 1764 975 1848 capiendo
995 1765 1065 1828 loca
1087 1785 1140 1828 ex-

106 1861 201 1926 celsa
227 1880 380 1942 occupare
403 1859 573 1933 contendit,
600 1881 640 1922 ne
662 1857 831 1923 adversarii
853 1858 1066 1942 magnitudine
1088 1879 1140 1921 co-

106 1955 241 2041 piarum
272 1952 381 2017 confisi
412 1954 589 2037 proximum
620 1952 730 2016 collem
760 1964 947 2035 occuparent
975 1962 1069 2034 atque
1098 1951 1142 2014 ita

106 2048 245 2134 longius
268 2045 328 2110 sibi
350 2047 568 2132 progrediendi
592 2046 744 2130 eriperent
766 2046 954 2111 facultatem.
999 2045 1140 2110 eiusdem

106 2143 206 2211 collis
229 2141 403 2227 occupandi
427 2139 556 2227 [gratia]
582 2141 744 2205 Labienus
768 2141 931 2205 eonsilium
953 2152 1077 2226 ceperat
1099 2148 1139 2215 et,

106 2260 179 2325 quo
208 2235 352 2321 propiore
378 2236 447 2300 loco
474 2236 589 2311 suerat,
622 2257 659 2299 co
686 2235 816 2299 celerius
844 2245 1027 2300 occurrerat.
1076 2242 1142 2298 erat
1160 2251 1191 2298 to

106 2330 270 2399 convallis
289 2331 364 2395 satis
384 2353 499 2416 magna
515 2329 689 2405 latitudine,
713 2329 874 2393 altitudine
892 2338 1058 2414 praerupta
1075 2349 1141 2392 cre-

106 2424 180 2491 bris
200 2423 279 2488 loeis
298 2423 464 2507 speluncae
482 2424 515 2487 in
533 2424 658 2487 modum
678 2422 829 2499 subrutis,
856 2445 936 2506 quae
959 2432 1025 2486 erat
1042 2433 1142 2485 trans-

106 2517 290 2606 gredienda
304 2516 443 2594 Caesari,
462 2530 628 2599 antequam
646 2518 685 2581 ad
700 2540 772 2581 eum
785 2516 905 2592 collem,
924 2538 1017 2600 quern
1031 2537 1141 2600 capere

106 2611 259 2687 volebat,
285 2611 512 2696 perveniretur,
539 2611 681 2694 ultraque
708 2634 776 2674 eam
799 2609 970 2674 convallem
993 2609 1140 2673 olivetum

106 2717 208 2772 vetus
233 2703 349 2768 crebris
372 2703 534 2768 arboribus
561 2705 762 2768 condensum.
807 2704 857 2766 hic
884 2725 955 2765 cum
977 2700 1139 2765 Labienus

106 2798 389 2864 animadvertisset
408 2797 592 2875 Caesarem,
612 2800 638 2862 si
656 2799 748 2862 vellet
767 2821 838 2861 cum
856 2797 959 2860 loeurn
977 2816 1138 2880 occupare,

106 2893 204 2980 prius
222 2912 352 2956 necesse
370 2913 441 2956 esse
459 2892 631 2956 convallem
650 2892 859 2974 olivetumque
878 2889 1065 2974 transgredi,
1089 2910 1141 2952 eo-

106 3008 188 3052 rum
205 2985 346 3050 locorum
363 2986 481 3071 peritus
500 2986 532 3049 in
550 2986 671 3050 insidiis
689 3007 760 3049 cum
783 2996 870 3071 parte
893 2985 1048 3068 equitatus
1066 2983 1142 3047 levi-

106 3102 178 3164 que
197 3090 355 3143 armatura
368 3079 508 3144 consedit
522 3091 552 3143 ct
564 3090 723 3164 praetcrea
735 3090 807 3163 post
820 3089 956 3143 montem
972 3075 1143 3163 [collesque

108 3174 252 3241 Caesari
274 3173 379 3239 subito
401 3196 435 3238 se
459 3171 648 3258 ostenderet]
672 3175 791 3257 equites
813 3174 846 3238 in
868 3173 989 3238 occulto
1011 3170 1143 3237 colloca-

106 3277 215 3343 verat,
235 3277 279 3342 ut,
298 3289 369 3331 cum
386 3268 455 3353 ipse
474 3289 513 3331 cx
527 3267 695 3351 improviso
709 3268 894 3353 legionarios
909 3267 1035 3331 adortus
1050 3275 1142 3341 esset,

108 3384 156 3427 ex
175 3360 256 3425 colle
275 3383 309 3425 se
327 3361 482 3444 equitatus
501 3360 688 3438 ostenderet,
714 3374 744 3424 et
762 3384 795 3425 re
813 3361 928 3445 duplici
946 3359 1143 3445 perturbatus

110 3454 241 3521 Caesar
262 3454 392 3538 eiusque
416 3454 570 3519 exercitus
593 3476 693 3537 neque
714 3466 796 3519 retro
818 3453 1017 3539 regrediundi
1042 3473 1144 3535 neque

108 3548 200 3614 ultra
213 3548 402 3632 procedendi
412 3548 516 3613 oblata
529 3547 675 3611 facultate
685 3548 912 3612 circumventus
922 3546 1143 3610 concideretur.

114 3641 242 3709 Caesar
258 3652 424 3726 postquam
444 3642 582 3724 equitatu
599 3651 670 3705 ante
688 3642 860 3726 praemisso
882 3640 999 3704 inscius
1017 3638 1145 3702 insidia-

108 3758 189 3802 rum
207 3757 279 3799 cum
298 3736 338 3799 ad
356 3759 428 3799 eum
446 3736 549 3799 locum
568 3735 717 3811 venisset,
740 3734 838 3800 abditi
860 3734 926 3798 sive
948 3731 1035 3797 obliti
1056 3753 1145 3816 prae-

112 3840 283 3915 ceptorum
305 3828 439 3893 Labieni
462 3829 529 3892 sive
557 3828 658 3905 veriti,
686 3851 726 3892 ne
752 3829 784 3893 in
806 3829 894 3893 fossa
920 3827 960 3892 ab
987 3824 1144 3909 equitibus

115 3921 382 4008 opprimerentur,
405 3922 466 3986 rari
485 3944 522 3985 ac
540 3921 654 4006 singuli
672 3922 711 3985 de
728 3944 805 4007 rupo
828 3921 951 4006 prodire
973 3929 1004 3982 et
1022 3940 1145 3983 summa

116 4026 226 4102 petere
244 4016 342 4080 collis.
386 4039 465 4099 quos
484 4014 630 4080 Caesaris
649 4016 769 4098 equites
787 4014 947 4079 consecuti
968 4012 1080 4096 partim
1098 4012 1145 4075 in-

118 4108 322 4185 terfecerunt,
349 4110 463 4195 partim
485 4110 626 4173 vivorum
649 4119 722 4172 sunt
744 4109 847 4194 potiti;
875 4107 986 4170 deinde
1004 4104 1143 4190 protinus

120 4201 232 4267 collem
259 4214 364 4287 petere
391 4203 616 4266 contenderunt
642 4216 734 4285 atque
757 4225 828 4265 eum
854 4202 987 4264 decusso
1008 4198 1143 4263 Labieni

122 4295 277 4379 praesidio
286 4296 427 4360 celeriter
435 4307 673 4380 occupaverunt.
697 4295 858 4360 Labienus
874 4316 944 4358 cum
957 4302 1044 4379 parte
1058 4293 1143 4376 equi-

125 4400 186 4454 tum
202 4389 255 4453 vix
268 4390 346 4475 suga
359 4390 419 4454 sibi
431 4389 552 4475 peperit
565 4389 706 4453 salutern.
734 4390 792 4452 hac
806 4410 839 4452 re
854 4410 909 4472 per
922 4387 1041 4471 equites
1054 4397 1143 4473 gesta
1162 4410 1190 4454 51

128 4479 242 4548 Caesar
258 4483 433 4569 legionibus
453 4505 547 4567 opera
565 4483 721 4546 distribuit
744 4494 836 4565 atquc
857 4482 890 4544 in
908 4504 944 4544 eo
967 4481 1058 4557 colle,
1080 4502 1143 4564 quo

130 4588 188 4641 eat
199 4578 326 4663 potitus,
342 4590 443 4642 eastra
456 4576 595 4640 munivit.
624 4577 734 4642 deinde
749 4577 788 4642 ab
800 4577 864 4641 suis
879 4576 1022 4641 maximis
1032 4576 1141 4640 eastris
