<?xml version="1.0" encoding="UTF-8"?>
<!DOCTYPE html PUBLIC "-//W3C//DTD XHTML 1.0 Transitional//EN"
    "http://www.w3.org/TR/xhtml1/DTD/xhtml1-transitional.dtd">
<html xmlns="http://www.w3.org/1999/xhtml" xml:lang="en" lang="en">
 <head>
  <title>
</title>
<meta http-equiv="Content-Type" content="text/html;charset=utf-8" />
  <meta name='ocr-system' content='tesseract 3.04.00' />
  <meta name='ocr-capabilities' content='ocr_page ocr_carea ocr_par ocr_line ocrx_word'/>
</head>
<body>
  <div class='ocr_page' id='page_1' title='image "./ciuliicaesarisc03krangoog_0201.png"; bbox 0 0 2692 5206; ppageno 0'>
   <div class='ocr_carea' id='block_1_1' title="bbox 430 787 1104 855">
    <p class='ocr_par' dir='ltr' id='par_1_1' title="bbox 430 787 1104 855">
     <span class='ocr_line' id='line_1_1' title="bbox 430 787 1104 855; baseline 0.001 -2"><span class='ocrx_word' id='word_1_1' title='bbox 430 795 547 853; x_wconf 79' lang='lat' dir='ltr'><strong>COMM.</strong></span> <span class='ocrx_word' id='word_1_2' title='bbox 564 798 630 855; x_wconf 86' lang='lat' dir='ltr'>VII.</span> <span class='ocrx_word' id='word_1_3' title='bbox 647 796 767 854; x_wconf 84' lang='grc'><strong>33-36.</strong></span> <span class='ocrx_word' id='word_1_4' title='bbox 1043 787 1104 854; x_wconf 82' lang='grc'>129</span> 
     </span>
    </p>
   </div>
   <div class='ocr_carea' id='block_1_2' title="bbox 83 919 1187 4476">
    <p class='ocr_par' dir='ltr' id='par_1_2' title="bbox 83 919 1187 4476">
     <span class='ocr_line' id='line_1_2' title="bbox 86 919 1103 1006; baseline 0.001 -18"><span class='ocrx_word' id='word_1_5' title='bbox 86 920 214 988; x_wconf 88' lang='lat' dir='ltr'>omissis</span> <span class='ocrx_word' id='word_1_6' title='bbox 230 919 326 985; x_wconf 84' lang='lat' dir='ltr'>rebus</span> <span class='ocrx_word' id='word_1_7' title='bbox 343 920 416 986; x_wconf 89' lang='lat' dir='ltr'>huie</span> <span class='ocrx_word' id='word_1_8' title='bbox 432 920 514 986; x_wconf 92' lang='lat' dir='ltr'>bello</span> <span class='ocrx_word' id='word_1_9' title='bbox 527 922 677 987; x_wconf 83' lang='lat' dir='ltr'>servirent</span> <span class='ocrx_word' id='word_1_10' title='bbox 690 944 797 1006; x_wconf 90' lang='lat' dir='ltr'>eaque,</span> <span class='ocrx_word' id='word_1_11' title='bbox 816 943 896 1006; x_wconf 90' lang='lat' dir='ltr'>quae</span> <span class='ocrx_word' id='word_1_12' title='bbox 908 923 1103 1002; x_wconf 89' lang='lat' dir='ltr'>meruissent,</span> 
     </span>
     <span class='ocr_line' id='line_1_3' title="bbox 84 1011 1105 1102; baseline 0.004 -23"><span class='ocrx_word' id='word_1_13' title='bbox 84 1014 228 1101; x_wconf 85' lang='lat' dir='ltr'>praemia</span> <span class='ocrx_word' id='word_1_14' title='bbox 248 1013 289 1079; x_wconf 90' lang='lat' dir='ltr'>ab</span> <span class='ocrx_word' id='word_1_15' title='bbox 308 1036 356 1092; x_wconf 86' lang='lat' dir='ltr'>se,</span> <span class='ocrx_word' id='word_1_16' title='bbox 383 1015 505 1079; x_wconf 87' lang='lat' dir='ltr'>devicta</span> <span class='ocrx_word' id='word_1_17' title='bbox 522 1011 639 1093; x_wconf 87' lang='lat' dir='ltr'>Gallia,</span> <span class='ocrx_word' id='word_1_18' title='bbox 666 1026 893 1101; x_wconf 73' lang='lat' dir='ltr'><strong>exspectarent,</strong></span> <span class='ocrx_word' id='word_1_19' title='bbox 920 1019 1105 1102; x_wconf 87' lang='lat' dir='ltr'>equitatum-</span> 
     </span>
     <span class='ocr_line' id='line_1_4' title="bbox 84 1108 1105 1193; baseline 0.005 -22"><span class='ocrx_word' id='word_1_20' title='bbox 84 1130 148 1191; x_wconf 91' lang='lat' dir='ltr'>que</span> <span class='ocrx_word' id='word_1_21' title='bbox 170 1128 298 1171; x_wconf 88' lang='lat' dir='ltr'>omnem</span> <span class='ocrx_word' id='word_1_22' title='bbox 319 1120 351 1171; x_wconf 89' lang='lat' dir='ltr'>et</span> <span class='ocrx_word' id='word_1_23' title='bbox 371 1109 510 1193; x_wconf 85' lang='lat' dir='ltr'>peditum</span> <span class='ocrx_word' id='word_1_24' title='bbox 531 1108 617 1172; x_wconf 87' lang='lat' dir='ltr'>milia</span> <span class='ocrx_word' id='word_1_25' title='bbox 638 1109 745 1173; x_wconf 91' lang='lat' dir='ltr'>decem</span> <span class='ocrx_word' id='word_1_26' title='bbox 768 1108 828 1173; x_wconf 92' lang='lat' dir='ltr'>sibi</span> <span class='ocrx_word' id='word_1_27' title='bbox 848 1109 987 1175; x_wconf 80' lang='lat' dir='ltr'>celeriter</span> <span class='ocrx_word' id='word_1_28' title='bbox 1002 1111 1105 1176; x_wconf 92' lang='lat' dir='ltr'>mitte-</span> 
     </span>
     <span class='ocr_line' id='line_1_5' title="bbox 84 1200 1103 1289; baseline 0.003 -23"><span class='ocrx_word' id='word_1_29' title='bbox 84 1211 164 1277; x_wconf 83' lang='lat' dir='ltr'>rent,</span> <span class='ocrx_word' id='word_1_30' title='bbox 184 1220 267 1283; x_wconf 87' lang='lat' dir='ltr'>quae</span> <span class='ocrx_word' id='word_1_31' title='bbox 284 1200 317 1263; x_wconf 90' lang='lat' dir='ltr'>in</span> <span class='ocrx_word' id='word_1_32' title='bbox 332 1201 495 1286; x_wconf 80' lang='lat' dir='ltr'>praesidiis</span> <span class='ocrx_word' id='word_1_33' title='bbox 512 1201 557 1266; x_wconf 93' lang='lat' dir='ltr'>rei</span> <span class='ocrx_word' id='word_1_34' title='bbox 573 1202 792 1266; x_wconf 82' lang='lat' dir='ltr'>fmmentariae</span> <span class='ocrx_word' id='word_1_35' title='bbox 810 1224 905 1267; x_wconf 89' lang='lat' dir='ltr'>eausa</span> <span class='ocrx_word' id='word_1_36' title='bbox 917 1203 1103 1289; x_wconf 80' lang='lat' dir='ltr'>disponeret,</span> 
     </span>
     <span class='ocr_line' id='line_1_6' title="bbox 85 1292 1106 1382; baseline 0.006 -25"><span class='ocrx_word' id='word_1_37' title='bbox 85 1292 261 1357; x_wconf 84' lang='lat' dir='ltr'>exereitum</span> <span class='ocrx_word' id='word_1_38' title='bbox 276 1293 309 1356; x_wconf 89' lang='lat' dir='ltr'>in</span> <span class='ocrx_word' id='word_1_39' title='bbox 326 1294 404 1358; x_wconf 92' lang='lat' dir='ltr'>duas</span> <span class='ocrx_word' id='word_1_40' title='bbox 421 1305 525 1379; x_wconf 89' lang='lat' dir='ltr'>partes</span> <span class='ocrx_word' id='word_1_41' title='bbox 543 1295 661 1360; x_wconf 82' lang='lat' dir='ltr'>divisit:</span> <span class='ocrx_word' id='word_1_42' title='bbox 680 1306 824 1379; x_wconf 89' lang='lat' dir='ltr'>quattuor</span> <span class='ocrx_word' id='word_1_43' title='bbox 841 1296 978 1382; x_wconf 83' lang='lat' dir='ltr'>legiones</span> <span class='ocrx_word' id='word_1_44' title='bbox 995 1298 1028 1362; x_wconf 91' lang='lat' dir='ltr'>iu</span> <span class='ocrx_word' id='word_1_45' title='bbox 1047 1296 1106 1363; x_wconf 90' lang='lat' dir='ltr'>Se·</span> 
     </span>
     <span class='ocr_line' id='line_1_7' title="bbox 84 1384 1105 1475; baseline 0.002 -24"><span class='ocrx_word' id='word_1_46' title='bbox 84 1406 185 1451; x_wconf 89' lang='lat' dir='ltr'>nones</span> <span class='ocrx_word' id='word_1_47' title='bbox 207 1384 408 1470; x_wconf 82' lang='lat' dir='ltr'>Parisiosque</span> <span class='ocrx_word' id='word_1_48' title='bbox 429 1387 573 1452; x_wconf 86' lang='lat' dir='ltr'>Labieno</span> <span class='ocrx_word' id='word_1_49' title='bbox 596 1388 754 1453; x_wconf 86' lang='lat' dir='ltr'>ducendas</span> <span class='ocrx_word' id='word_1_50' title='bbox 781 1389 879 1466; x_wconf 91' lang='lat' dir='ltr'>dedit;</span> <span class='ocrx_word' id='word_1_51' title='bbox 906 1412 963 1454; x_wconf 86' lang='lat' dir='ltr'>sex</span> <span class='ocrx_word' id='word_1_52' title='bbox 983 1390 1051 1475; x_wconf 91' lang='lat' dir='ltr'>ipse</span> <span class='ocrx_word' id='word_1_53' title='bbox 1072 1391 1105 1453; x_wconf 92' lang='lat' dir='ltr'>in</span> 
     </span>
     <span class='ocr_line' id='line_1_8' title="bbox 84 1478 1105 1566; baseline 0.003 -22"><span class='ocrx_word' id='word_1_54' title='bbox 84 1478 250 1544; x_wconf 81' lang='lat' dir='ltr'>Arvernos</span> <span class='ocrx_word' id='word_1_55' title='bbox 263 1479 305 1543; x_wconf 90' lang='lat' dir='ltr'>ad</span> <span class='ocrx_word' id='word_1_56' title='bbox 317 1481 466 1565; x_wconf 90' lang='lat' dir='ltr'>oppidum</span> <span class='ocrx_word' id='word_1_57' title='bbox 477 1479 667 1566; x_wconf 82' lang='lat' dir='ltr'>Gergoviam</span> <span class='ocrx_word' id='word_1_58' title='bbox 682 1482 852 1546; x_wconf 91' lang='lat' dir='ltr'>seeundum</span> <span class='ocrx_word' id='word_1_59' title='bbox 865 1482 981 1547; x_wconf 90' lang='lat' dir='ltr'>flumen</span> <span class='ocrx_word' id='word_1_60' title='bbox 989 1483 1105 1547; x_wconf 84' lang='lat' dir='ltr'>Elaver</span> 
     </span>
     <span class='ocr_line' id='line_1_9' title="bbox 84 1572 1187 1659; baseline 0.003 -23"><span class='ocrx_word' id='word_1_61' title='bbox 84 1572 192 1649; x_wconf 80' lang='lat' dir='ltr'>duxit3</span> <span class='ocrx_word' id='word_1_62' title='bbox 216 1572 372 1655; x_wconf 80' lang='lat' dir='ltr'>equitatus</span> <span class='ocrx_word' id='word_1_63' title='bbox 390 1585 509 1659; x_wconf 88' lang='lat' dir='ltr'>partem</span> <span class='ocrx_word' id='word_1_64' title='bbox 526 1575 571 1638; x_wconf 93' lang='lat' dir='ltr'>illi</span> <span class='ocrx_word' id='word_1_65' title='bbox 588 1574 740 1652; x_wconf 79' lang='lat' dir='ltr'>attribuit,</span> <span class='ocrx_word' id='word_1_66' title='bbox 757 1584 876 1659; x_wconf 88' lang='lat' dir='ltr'>partem</span> <span class='ocrx_word' id='word_1_67' title='bbox 895 1575 955 1640; x_wconf 91' lang='lat' dir='ltr'>sibi</span> <span class='ocrx_word' id='word_1_68' title='bbox 971 1576 1104 1659; x_wconf 82' lang='lat' dir='ltr'>reliquit</span> <span class='ocrx_word' id='word_1_69' title='bbox 1185 1641 1187 1646; x_wconf 78' lang='grc'>,</span> 
     </span>
     <span class='ocr_line' id='line_1_10' title="bbox 84 1667 1106 1755; baseline 0.002 -25"><span class='ocrx_word' id='word_1_70' title='bbox 84 1687 151 1751; x_wconf 88' lang='lat' dir='ltr'>qua</span> <span class='ocrx_word' id='word_1_71' title='bbox 166 1687 202 1730; x_wconf 91' lang='lat' dir='ltr'>re</span> <span class='ocrx_word' id='word_1_72' title='bbox 218 1667 345 1752; x_wconf 86' lang='lat' dir='ltr'>cognita</span> <span class='ocrx_word' id='word_1_73' title='bbox 357 1667 594 1755; x_wconf 82' lang='lat' dir='ltr'>Vercingetorix</span> <span class='ocrx_word' id='word_1_74' title='bbox 612 1668 755 1733; x_wconf 91' lang='lat' dir='ltr'>omnibus</span> <span class='ocrx_word' id='word_1_75' title='bbox 773 1669 950 1754; x_wconf 86' lang='lat' dir='ltr'>interruptis</span> <span class='ocrx_word' id='word_1_76' title='bbox 968 1670 1035 1734; x_wconf 91' lang='lat' dir='ltr'>eius</span> <span class='ocrx_word' id='word_1_77' title='bbox 1047 1669 1106 1733; x_wconf 90' lang='lat' dir='ltr'>flu-</span> 
     </span>
     <span class='ocr_line' id='line_1_11' title="bbox 85 1759 1104 1848; baseline 0.001 -23"><span class='ocrx_word' id='word_1_78' title='bbox 85 1759 182 1825; x_wconf 84' lang='lat' dir='ltr'>minis</span> <span class='ocrx_word' id='word_1_79' title='bbox 199 1759 349 1845; x_wconf 87' lang='lat' dir='ltr'>pontibus</span> <span class='ocrx_word' id='word_1_80' title='bbox 367 1761 407 1826; x_wconf 92' lang='lat' dir='ltr'>ab</span> <span class='ocrx_word' id='word_1_81' title='bbox 425 1761 521 1827; x_wconf 90' lang='lat' dir='ltr'>altera</span> <span class='ocrx_word' id='word_1_82' title='bbox 537 1762 674 1826; x_wconf 86' lang='lat' dir='ltr'>fluminis</span> <span class='ocrx_word' id='word_1_83' title='bbox 691 1771 778 1846; x_wconf 90' lang='lat' dir='ltr'>parte</span> <span class='ocrx_word' id='word_1_84' title='bbox 794 1763 852 1827; x_wconf 91' lang='lat' dir='ltr'>iter</span> <span class='ocrx_word' id='word_1_85' title='bbox 868 1763 972 1828; x_wconf 81' lang='lat' dir='ltr'>facere</span> <span class='ocrx_word' id='word_1_86' title='bbox 994 1763 1104 1848; x_wconf 91' lang='lat' dir='ltr'>coepit.</span> 
     </span>
     <span class='ocr_line' id='line_1_12' title="bbox 85 1854 1155 1941; baseline 0.006 -24"><span class='ocrx_word' id='word_1_87' title='bbox 85 1875 160 1917; x_wconf 89' lang='lat' dir='ltr'>eum</span> <span class='ocrx_word' id='word_1_88' title='bbox 177 1864 309 1936; x_wconf 87' lang='lat' dir='ltr'>uterque</span> <span class='ocrx_word' id='word_1_89' title='bbox 321 1854 476 1938; x_wconf 87' lang='lat' dir='ltr'>utrimque</span> <span class='ocrx_word' id='word_1_90' title='bbox 489 1855 605 1920; x_wconf 81' lang='lat' dir='ltr'>exisset</span> <span class='ocrx_word' id='word_1_91' title='bbox 618 1855 780 1932; x_wconf 84' lang='lat' dir='ltr'>exereitus,</span> <span class='ocrx_word' id='word_1_92' title='bbox 799 1855 832 1919; x_wconf 96' lang='lat' dir='ltr'>in</span> <span class='ocrx_word' id='word_1_93' title='bbox 845 1866 1013 1941; x_wconf 89' lang='lat' dir='ltr'>conspeetu</span> <span class='ocrx_word' id='word_1_94' title='bbox 1025 1855 1106 1920; x_wconf 86' lang='lat' dir='ltr'>fere-</span> <span class='ocrx_word' id='word_1_95' title='bbox 1123 1875 1155 1923; x_wconf 82' lang='lat'>35</span> 
     </span>
     <span class='ocr_line' id='line_1_13' title="bbox 85 1946 1106 2034; baseline 0.003 -24"><span class='ocrx_word' id='word_1_96' title='bbox 85 1967 177 2030; x_wconf 92' lang='lat' dir='ltr'>quee</span> <span class='ocrx_word' id='word_1_97' title='bbox 190 1946 319 2032; x_wconf 84' lang='lat' dir='ltr'>regione</span> <span class='ocrx_word' id='word_1_98' title='bbox 328 1948 437 2013; x_wconf 85' lang='lat' dir='ltr'>eastris</span> <span class='ocrx_word' id='word_1_99' title='bbox 447 1960 547 2014; x_wconf 88' lang='lat' dir='ltr'>castra</span> <span class='ocrx_word' id='word_1_100' title='bbox 560 1948 725 2034; x_wconf 84' lang='lat' dir='ltr'>ponebant,</span> <span class='ocrx_word' id='word_1_101' title='bbox 740 1948 898 2033; x_wconf 89' lang='lat' dir='ltr'>dispositis</span> <span class='ocrx_word' id='word_1_102' title='bbox 907 1949 1106 2034; x_wconf 86' lang='lat' dir='ltr'>exploratori-</span> 
     </span>
     <span class='ocr_line' id='line_1_14' title="bbox 85 2038 1107 2128; baseline 0.002 -23"><span class='ocrx_word' id='word_1_103' title='bbox 85 2039 157 2117; x_wconf 88' lang='lat' dir='ltr'>bus,</span> <span class='ocrx_word' id='word_1_104' title='bbox 175 2038 290 2105; x_wconf 90' lang='lat' dir='ltr'>neeubi</span> <span class='ocrx_word' id='word_1_105' title='bbox 307 2040 418 2107; x_wconf 88' lang='lat' dir='ltr'>effecto</span> <span class='ocrx_word' id='word_1_106' title='bbox 435 2054 529 2128; x_wconf 91' lang='lat' dir='ltr'>ponte</span> <span class='ocrx_word' id='word_1_107' title='bbox 542 2043 676 2108; x_wconf 88' lang='lat' dir='ltr'>Romani</span> <span class='ocrx_word' id='word_1_108' title='bbox 692 2042 797 2127; x_wconf 89' lang='lat' dir='ltr'>copias</span> <span class='ocrx_word' id='word_1_109' title='bbox 812 2043 1013 2108; x_wconf 87' lang='lat' dir='ltr'>traducerent.</span> <span class='ocrx_word' id='word_1_110' title='bbox 1041 2053 1107 2107; x_wconf 85' lang='lat' dir='ltr'>erat</span> 
     </span>
     <span class='ocr_line' id='line_1_15' title="bbox 83 2132 1105 2219; baseline 0.006 -23"><span class='ocrx_word' id='word_1_111' title='bbox 83 2134 118 2197; x_wconf 93' lang='lat' dir='ltr'>in</span> <span class='ocrx_word' id='word_1_112' title='bbox 136 2133 261 2219; x_wconf 85' lang='lat' dir='ltr'>magnis</span> <span class='ocrx_word' id='word_1_113' title='bbox 276 2132 421 2200; x_wconf 85' lang='lat' dir='ltr'>Caesaris</span> <span class='ocrx_word' id='word_1_114' title='bbox 439 2135 672 2201; x_wconf 86' lang='lat' dir='ltr'>difficultatibus</span> <span class='ocrx_word' id='word_1_115' title='bbox 685 2157 746 2213; x_wconf 90' lang='lat' dir='ltr'>res,</span> <span class='ocrx_word' id='word_1_116' title='bbox 764 2158 804 2200; x_wconf 92' lang='lat' dir='ltr'>ne</span> <span class='ocrx_word' id='word_1_117' title='bbox 817 2136 965 2201; x_wconf 88' lang='lat' dir='ltr'>maiorem</span> <span class='ocrx_word' id='word_1_118' title='bbox 978 2139 1105 2202; x_wconf 89' lang='lat' dir='ltr'>aestatis</span> 
     </span>
     <span class='ocr_line' id='line_1_16' title="bbox 84 2226 1106 2315; baseline 0.004 -25"><span class='ocrx_word' id='word_1_119' title='bbox 84 2237 209 2311; x_wconf 89' lang='lat' dir='ltr'>partem</span> <span class='ocrx_word' id='word_1_120' title='bbox 230 2226 358 2293; x_wconf 90' lang='lat' dir='ltr'>flumine</span> <span class='ocrx_word' id='word_1_121' title='bbox 379 2229 593 2315; x_wconf 90' lang='lat' dir='ltr'>impediretur,</span> <span class='ocrx_word' id='word_1_122' title='bbox 620 2230 704 2314; x_wconf 93' lang='lat' dir='ltr'>quod</span> <span class='ocrx_word' id='word_1_123' title='bbox 725 2252 787 2295; x_wconf 94' lang='lat' dir='ltr'>non</span> <span class='ocrx_word' id='word_1_124' title='bbox 808 2229 874 2294; x_wconf 83' lang='lat' dir='ltr'>fere</span> <span class='ocrx_word' id='word_1_125' title='bbox 896 2242 967 2295; x_wconf 90' lang='lat' dir='ltr'>ante</span> <span class='ocrx_word' id='word_1_126' title='bbox 984 2241 1106 2295; x_wconf 89' lang='lat' dir='ltr'>autum-</span> 
     </span>
     <span class='ocr_line' id='line_1_17' title="bbox 85 2318 1103 2407; baseline 0.004 -23"><span class='ocrx_word' id='word_1_127' title='bbox 85 2342 166 2385; x_wconf 85' lang='lat' dir='ltr'>num</span> <span class='ocrx_word' id='word_1_128' title='bbox 181 2318 300 2385; x_wconf 88' lang='lat' dir='ltr'>Elaver</span> <span class='ocrx_word' id='word_1_129' title='bbox 315 2322 397 2387; x_wconf 82' lang='lat' dir='ltr'>vado</span> <span class='ocrx_word' id='word_1_130' title='bbox 413 2323 536 2388; x_wconf 89' lang='lat' dir='ltr'>transiri</span> <span class='ocrx_word' id='word_1_131' title='bbox 554 2323 641 2388; x_wconf 81' lang='lat' dir='ltr'>solet</span> <span class='ocrx_word' id='word_1_132' title='bbox 685 2323 803 2407; x_wconf 89' lang='lat' dir='ltr'>itaque,</span> <span class='ocrx_word' id='word_1_133' title='bbox 830 2346 870 2387; x_wconf 94' lang='lat' dir='ltr'>ne</span> <span class='ocrx_word' id='word_1_134' title='bbox 891 2323 924 2388; x_wconf 94' lang='lat' dir='ltr'>id</span> <span class='ocrx_word' id='word_1_135' title='bbox 941 2325 1103 2401; x_wconf 90' lang='lat' dir='ltr'>accideret,</span> 
     </span>
     <span class='ocr_line' id='line_1_18' title="bbox 85 2413 1105 2503; baseline 0.001 -23"><span class='ocrx_word' id='word_1_136' title='bbox 85 2414 225 2480; x_wconf 77' lang='lat' dir='ltr'>silvestri</span> <span class='ocrx_word' id='word_1_137' title='bbox 244 2413 314 2480; x_wconf 90' lang='lat' dir='ltr'>loco</span> <span class='ocrx_word' id='word_1_138' title='bbox 335 2417 445 2481; x_wconf 86' lang='lat' dir='ltr'>eastris</span> <span class='ocrx_word' id='word_1_139' title='bbox 467 2418 577 2502; x_wconf 87' lang='lat' dir='ltr'>positis</span> <span class='ocrx_word' id='word_1_140' title='bbox 600 2439 617 2482; x_wconf 91' lang='lat' dir='ltr'>e</span> <span class='ocrx_word' id='word_1_141' title='bbox 638 2417 765 2503; x_wconf 81' lang='lat' dir='ltr'>regione</span> <span class='ocrx_word' id='word_1_142' title='bbox 786 2417 878 2482; x_wconf 89' lang='lat' dir='ltr'>unius</span> <span class='ocrx_word' id='word_1_143' title='bbox 901 2440 1009 2483; x_wconf 88' lang='lat' dir='ltr'>eorum</span> <span class='ocrx_word' id='word_1_144' title='bbox 1026 2441 1105 2503; x_wconf 92' lang='lat' dir='ltr'>pon·</span> 
     </span>
     <span class='ocr_line' id='line_1_19' title="bbox 85 2507 1105 2596; baseline 0.004 -24"><span class='ocrx_word' id='word_1_145' title='bbox 85 2507 176 2585; x_wconf 89' lang='lat' dir='ltr'>tium,</span> <span class='ocrx_word' id='word_1_146' title='bbox 195 2529 274 2591; x_wconf 87' lang='lat' dir='ltr'>quos</span> <span class='ocrx_word' id='word_1_147' title='bbox 292 2507 529 2595; x_wconf 84' lang='lat' dir='ltr'>Vercingetorix</span> <span class='ocrx_word' id='word_1_148' title='bbox 545 2511 766 2576; x_wconf 89' lang='lat' dir='ltr'>rescindendos</span> <span class='ocrx_word' id='word_1_149' title='bbox 785 2521 960 2589; x_wconf 89' lang='lat' dir='ltr'>curaverat,</span> <span class='ocrx_word' id='word_1_150' title='bbox 979 2522 1105 2596; x_wconf 89' lang='lat' dir='ltr'>postero</span> 
     </span>
     <span class='ocr_line' id='line_1_20' title="bbox 85 2602 1104 2690; baseline 0.004 -24"><span class='ocrx_word' id='word_1_151' title='bbox 85 2602 139 2667; x_wconf 92' lang='lat' dir='ltr'>die</span> <span class='ocrx_word' id='word_1_152' title='bbox 164 2624 239 2667; x_wconf 90' lang='lat' dir='ltr'>eum</span> <span class='ocrx_word' id='word_1_153' title='bbox 264 2603 386 2669; x_wconf 88' lang='lat' dir='ltr'>duabus</span> <span class='ocrx_word' id='word_1_154' title='bbox 412 2605 587 2690; x_wconf 86' lang='lat' dir='ltr'>legionibus</span> <span class='ocrx_word' id='word_1_155' title='bbox 613 2606 646 2670; x_wconf 94' lang='lat' dir='ltr'>in</span> <span class='ocrx_word' id='word_1_156' title='bbox 672 2604 793 2670; x_wconf 91' lang='lat' dir='ltr'>occulto</span> <span class='ocrx_word' id='word_1_157' title='bbox 817 2606 943 2682; x_wconf 82' lang='lat' dir='ltr'>restitit3</span> <span class='ocrx_word' id='word_1_158' title='bbox 969 2605 1104 2688; x_wconf 87' lang='lat' dir='ltr'>reliquas</span> 
     </span>
     <span class='ocr_line' id='line_1_21' title="bbox 85 2696 1104 2785; baseline -0.001 -24"><span class='ocrx_word' id='word_1_159' title='bbox 85 2696 196 2782; x_wconf 86' lang='lat' dir='ltr'>copias</span> <span class='ocrx_word' id='word_1_160' title='bbox 213 2718 285 2761; x_wconf 93' lang='lat' dir='ltr'>cum</span> <span class='ocrx_word' id='word_1_161' title='bbox 303 2698 447 2763; x_wconf 87' lang='lat' dir='ltr'>omnibus</span> <span class='ocrx_word' id='word_1_162' title='bbox 464 2700 705 2785; x_wconf 87' lang='lat' dir='ltr'>impedimentis,</span> <span class='ocrx_word' id='word_1_163' title='bbox 724 2708 759 2761; x_wconf 91' lang='lat' dir='ltr'>ut</span> <span class='ocrx_word' id='word_1_164' title='bbox 776 2708 991 2774; x_wconf 89' lang='lat' dir='ltr'>consueverat,</span> <span class='ocrx_word' id='word_1_165' title='bbox 1010 2698 1104 2774; x_wconf 85' lang='lat' dir='ltr'>misit,</span> 
     </span>
     <span class='ocr_line' id='line_1_22' title="bbox 85 2788 1106 2877; baseline -0.001 -22"><span class='ocrx_word' id='word_1_166' title='bbox 85 2788 211 2874; x_wconf 72' lang='lat' dir='ltr'>captis*</span> <span class='ocrx_word' id='word_1_167' title='bbox 229 2790 418 2874; x_wconf 89' lang='lat' dir='ltr'>quibusdam</span> <span class='ocrx_word' id='word_1_168' title='bbox 432 2793 619 2868; x_wconf 85' lang='lat' dir='ltr'>cohortibus,</span> <span class='ocrx_word' id='word_1_169' title='bbox 638 2792 685 2855; x_wconf 91' lang='lat' dir='ltr'>uti</span> <span class='ocrx_word' id='word_1_170' title='bbox 699 2812 847 2855; x_wconf 91' lang='lat' dir='ltr'>numerus</span> <span class='ocrx_word' id='word_1_171' title='bbox 860 2790 1019 2877; x_wconf 85' lang='lat' dir='ltr'>legionum</span> <span class='ocrx_word' id='word_1_172' title='bbox 1032 2812 1106 2854; x_wconf 92' lang='lat' dir='ltr'>con-</span> 
     </span>
     <span class='ocr_line' id='line_1_23' title="bbox 86 2883 1106 2971; baseline 0 -23"><span class='ocrx_word' id='word_1_173' title='bbox 86 2894 171 2949; x_wconf 87' lang='lat' dir='ltr'>stare</span> <span class='ocrx_word' id='word_1_174' title='bbox 193 2884 358 2950; x_wconf 87' lang='lat' dir='ltr'>videretur.</span> <span class='ocrx_word' id='word_1_175' title='bbox 406 2885 455 2952; x_wconf 90' lang='lat' dir='ltr'>his</span> <span class='ocrx_word' id='word_1_176' title='bbox 477 2908 570 2970; x_wconf 91' lang='lat' dir='ltr'>quam</span> <span class='ocrx_word' id='word_1_177' title='bbox 597 2885 779 2971; x_wconf 84' lang='lat' dir='ltr'>longissime</span> <span class='ocrx_word' id='word_1_178' title='bbox 807 2895 936 2969; x_wconf 85' lang='lat' dir='ltr'>possent</span> <span class='ocrx_word' id='word_1_179' title='bbox 960 2883 1106 2970; x_wconf 87' lang='lat' dir='ltr'>progredi</span> 
     </span>
     <span class='ocr_line' id='line_1_24' title="bbox 85 2978 1105 3066; baseline 0 -24"><span class='ocrx_word' id='word_1_180' title='bbox 85 2978 198 3056; x_wconf 86' lang='lat' dir='ltr'>iussis,</span> <span class='ocrx_word' id='word_1_181' title='bbox 225 3000 298 3044; x_wconf 84' lang='lat' dir='ltr'>cum</span> <span class='ocrx_word' id='word_1_182' title='bbox 316 2980 379 3045; x_wconf 89' lang='lat' dir='ltr'>iam</span> <span class='ocrx_word' id='word_1_183' title='bbox 396 3004 436 3046; x_wconf 86' lang='lat' dir='ltr'>ex</span> <span class='ocrx_word' id='word_1_184' title='bbox 457 2982 519 3046; x_wconf 87' lang='lat' dir='ltr'>diei</span> <span class='ocrx_word' id='word_1_185' title='bbox 541 2992 678 3066; x_wconf 89' lang='lat' dir='ltr'>tempore</span> <span class='ocrx_word' id='word_1_186' title='bbox 701 2981 907 3045; x_wconf 87' lang='lat' dir='ltr'>coniecturam</span> <span class='ocrx_word' id='word_1_187' title='bbox 929 2992 1053 3065; x_wconf 91' lang='lat' dir='ltr'>ceperat</span> <span class='ocrx_word' id='word_1_188' title='bbox 1074 2979 1105 3042; x_wconf 92' lang='lat' dir='ltr'>in</span> 
     </span>
     <span class='ocr_line' id='line_1_25' title="bbox 85 3072 1107 3159; baseline -0.001 -22"><span class='ocrx_word' id='word_1_189' title='bbox 85 3082 192 3137; x_wconf 85' lang='lat' dir='ltr'>eastra</span> <span class='ocrx_word' id='word_1_190' title='bbox 210 3083 408 3158; x_wconf 86' lang='lat' dir='ltr'>perventum,</span> <span class='ocrx_word' id='word_1_191' title='bbox 435 3075 536 3139; x_wconf 92' lang='lat' dir='ltr'>isdem</span> <span class='ocrx_word' id='word_1_192' title='bbox 559 3074 702 3152; x_wconf 88' lang='lat' dir='ltr'>sublicis,</span> <span class='ocrx_word' id='word_1_193' title='bbox 729 3097 860 3157; x_wconf 87' lang='lat' dir='ltr'>quarum</span> <span class='ocrx_word' id='word_1_194' title='bbox 885 3096 958 3159; x_wconf 89' lang='lat' dir='ltr'>pars</span> <span class='ocrx_word' id='word_1_195' title='bbox 979 3072 1107 3137; x_wconf 87' lang='lat' dir='ltr'>inferior</span> 
     </span>
     <span class='ocr_line' id='line_1_26' title="bbox 84 3164 1106 3253; baseline 0.001 -24"><span class='ocrx_word' id='word_1_196' title='bbox 84 3164 209 3252; x_wconf 87' lang='lat' dir='ltr'>integra</span> <span class='ocrx_word' id='word_1_197' title='bbox 220 3166 409 3245; x_wconf 87' lang='lat' dir='ltr'>remanebat,</span> <span class='ocrx_word' id='word_1_198' title='bbox 427 3179 553 3253; x_wconf 91' lang='lat' dir='ltr'>pontem</span> <span class='ocrx_word' id='word_1_199' title='bbox 567 3168 693 3233; x_wconf 89' lang='lat' dir='ltr'>reficere</span> <span class='ocrx_word' id='word_1_200' title='bbox 707 3168 817 3253; x_wconf 88' lang='lat' dir='ltr'>eoepit.</span> <span class='ocrx_word' id='word_1_201' title='bbox 844 3166 983 3232; x_wconf 90' lang='lat' dir='ltr'>celeriter</span> <span class='ocrx_word' id='word_1_202' title='bbox 994 3166 1106 3231; x_wconf 88' lang='lat' dir='ltr'>effecto</span> 
     </span>
     <span class='ocr_line' id='line_1_27' title="bbox 84 3259 1106 3346; baseline 0 -23"><span class='ocrx_word' id='word_1_203' title='bbox 84 3281 181 3345; x_wconf 87' lang='lat' dir='ltr'>opere</span> <span class='ocrx_word' id='word_1_204' title='bbox 202 3259 441 3346; x_wconf 88' lang='lat' dir='ltr'>legionibusque</span> <span class='ocrx_word' id='word_1_205' title='bbox 463 3262 611 3327; x_wconf 87' lang='lat' dir='ltr'>traductis</span> <span class='ocrx_word' id='word_1_206' title='bbox 634 3271 666 3326; x_wconf 90' lang='lat' dir='ltr'>et</span> <span class='ocrx_word' id='word_1_207' title='bbox 686 3261 755 3325; x_wconf 91' lang='lat' dir='ltr'>loco</span> <span class='ocrx_word' id='word_1_208' title='bbox 782 3260 891 3325; x_wconf 91' lang='lat' dir='ltr'>castris</span> <span class='ocrx_word' id='word_1_209' title='bbox 917 3260 1030 3326; x_wconf 92' lang='lat' dir='ltr'>idoneo</span> <span class='ocrx_word' id='word_1_210' title='bbox 1052 3260 1106 3323; x_wconf 92' lang='lat' dir='ltr'>de-</span> 
     </span>
     <span class='ocr_line' id='line_1_28' title="bbox 83 3352 1104 3441; baseline 0.001 -25"><span class='ocrx_word' id='word_1_211' title='bbox 83 3352 167 3418; x_wconf 86' lang='lat' dir='ltr'>lecto</span> <span class='ocrx_word' id='word_1_212' title='bbox 183 3352 320 3437; x_wconf 89' lang='lat' dir='ltr'>reliquas</span> <span class='ocrx_word' id='word_1_213' title='bbox 339 3356 444 3441; x_wconf 88' lang='lat' dir='ltr'>copias</span> <span class='ocrx_word' id='word_1_214' title='bbox 462 3356 628 3420; x_wconf 85' lang='lat' dir='ltr'>revocavit.</span> <span class='ocrx_word' id='word_1_215' title='bbox 664 3354 901 3440; x_wconf 85' lang='lat' dir='ltr'>Vercingetorix</span> <span class='ocrx_word' id='word_1_216' title='bbox 918 3376 951 3418; x_wconf 91' lang='lat' dir='ltr'>re</span> <span class='ocrx_word' id='word_1_217' title='bbox 969 3354 1104 3440; x_wconf 87' lang='lat' dir='ltr'>cognita,</span> 
     </span>
     <span class='ocr_line' id='line_1_29' title="bbox 84 3447 1103 3534; baseline -0.001 -22"><span class='ocrx_word' id='word_1_218' title='bbox 84 3470 126 3512; x_wconf 90' lang='lat' dir='ltr'>ne</span> <span class='ocrx_word' id='word_1_219' title='bbox 146 3457 259 3513; x_wconf 89' lang='lat' dir='ltr'>contra</span> <span class='ocrx_word' id='word_1_220' title='bbox 280 3472 370 3514; x_wconf 88' lang='lat' dir='ltr'>suam</span> <span class='ocrx_word' id='word_1_221' title='bbox 391 3450 583 3515; x_wconf 88' lang='lat' dir='ltr'>voluntatem</span> <span class='ocrx_word' id='word_1_222' title='bbox 605 3449 752 3513; x_wconf 90' lang='lat' dir='ltr'>dimicare</span> <span class='ocrx_word' id='word_1_223' title='bbox 778 3460 954 3534; x_wconf 88' lang='lat' dir='ltr'>cogeretur,</span> <span class='ocrx_word' id='word_1_224' title='bbox 981 3447 1103 3533; x_wconf 88' lang='lat' dir='ltr'>magnis</span> 
     </span>
     <span class='ocr_line' id='line_1_30' title="bbox 84 3540 1155 3624; baseline 0.003 -20"><span class='ocrx_word' id='word_1_225' title='bbox 84 3540 250 3607; x_wconf 83' lang='lat' dir='ltr'>itineribus</span> <span class='ocrx_word' id='word_1_226' title='bbox 272 3543 447 3609; x_wconf 89' lang='lat' dir='ltr'>antecessit.</span> <span class='ocrx_word' id='word_1_227' title='bbox 492 3543 611 3609; x_wconf 85' lang='lat' dir='ltr'>Caesar</span> <span class='ocrx_word' id='word_1_228' title='bbox 633 3565 672 3607; x_wconf 87' lang='lat' dir='ltr'>ex</span> <span class='ocrx_word' id='word_1_229' title='bbox 695 3565 733 3606; x_wconf 91' lang='lat' dir='ltr'>eo</span> <span class='ocrx_word' id='word_1_230' title='bbox 759 3542 827 3607; x_wconf 92' lang='lat' dir='ltr'>loeo</span> <span class='ocrx_word' id='word_1_231' title='bbox 854 3542 970 3624; x_wconf 91' lang='lat' dir='ltr'>quintis</span> <span class='ocrx_word' id='word_1_232' title='bbox 996 3541 1104 3605; x_wconf 90' lang='lat' dir='ltr'>castris</span> <span class='ocrx_word' id='word_1_233' title='bbox 1123 3559 1155 3607; x_wconf 78' lang='lat'>36</span> 
     </span>
     <span class='ocr_line' id='line_1_31' title="bbox 86 3632 1105 3723; baseline -0.003 -22"><span class='ocrx_word' id='word_1_234' title='bbox 86 3632 283 3722; x_wconf 84' lang='lat' dir='ltr'>Gergoviam</span> <span class='ocrx_word' id='word_1_235' title='bbox 299 3638 440 3722; x_wconf 86' lang='lat' dir='ltr'>pervenit</span> <span class='ocrx_word' id='word_1_236' title='bbox 457 3638 654 3723; x_wconf 88' lang='lat' dir='ltr'>equestrique</span> <span class='ocrx_word' id='word_1_237' title='bbox 671 3635 789 3722; x_wconf 92' lang='lat' dir='ltr'>proelio</span> <span class='ocrx_word' id='word_1_238' title='bbox 806 3658 844 3700; x_wconf 91' lang='lat' dir='ltr'>eo</span> <span class='ocrx_word' id='word_1_239' title='bbox 866 3635 916 3700; x_wconf 92' lang='lat' dir='ltr'>die</span> <span class='ocrx_word' id='word_1_240' title='bbox 933 3635 995 3699; x_wconf 87' lang='lat' dir='ltr'>levi</span> <span class='ocrx_word' id='word_1_241' title='bbox 1011 3635 1105 3709; x_wconf 87' lang='lat' dir='ltr'>facto,</span> 
     </span>
     <span class='ocr_line' id='line_1_32' title="bbox 84 3729 1106 3817; baseline -0.005 -22"><span class='ocrx_word' id='word_1_242' title='bbox 84 3740 253 3815; x_wconf 77' lang='lat' dir='ltr'>perspecto</span> <span class='ocrx_word' id='word_1_243' title='bbox 269 3731 356 3797; x_wconf 86' lang='lat' dir='ltr'>urbis</span> <span class='ocrx_word' id='word_1_244' title='bbox 375 3732 446 3810; x_wconf 91' lang='lat' dir='ltr'>situ,</span> <span class='ocrx_word' id='word_1_245' title='bbox 464 3754 544 3815; x_wconf 93' lang='lat' dir='ltr'>quae</span> <span class='ocrx_word' id='word_1_246' title='bbox 557 3732 659 3817; x_wconf 90' lang='lat' dir='ltr'>posita</span> <span class='ocrx_word' id='word_1_247' title='bbox 671 3731 704 3794; x_wconf 94' lang='lat' dir='ltr'>in</span> <span class='ocrx_word' id='word_1_248' title='bbox 722 3729 872 3795; x_wconf 90' lang='lat' dir='ltr'>altissimo</span> <span class='ocrx_word' id='word_1_249' title='bbox 889 3739 993 3793; x_wconf 91' lang='lat' dir='ltr'>monte</span> <span class='ocrx_word' id='word_1_250' title='bbox 1006 3729 1106 3792; x_wconf 92' lang='lat' dir='ltr'>omnis</span> 
     </span>
     <span class='ocr_line' id='line_1_33' title="bbox 86 3822 1106 3910; baseline -0.002 -22"><span class='ocrx_word' id='word_1_251' title='bbox 86 3823 191 3889; x_wconf 83' lang='lat' dir='ltr'>aditus</span> <span class='ocrx_word' id='word_1_252' title='bbox 209 3822 354 3890; x_wconf 83' lang='lat' dir='ltr'>difficiles</span> <span class='ocrx_word' id='word_1_253' title='bbox 371 3825 520 3903; x_wconf 89' lang='lat' dir='ltr'>habebat,</span> <span class='ocrx_word' id='word_1_254' title='bbox 544 3826 583 3890; x_wconf 89' lang='lat' dir='ltr'>de</span> <span class='ocrx_word' id='word_1_255' title='bbox 601 3824 831 3910; x_wconf 83' lang='lat' dir='ltr'>expugnatione</span> <span class='ocrx_word' id='word_1_256' title='bbox 853 3822 1045 3908; x_wconf 88' lang='lat' dir='ltr'>desperavit,</span> <span class='ocrx_word' id='word_1_257' title='bbox 1067 3822 1106 3886; x_wconf 89' lang='lat' dir='ltr'>de</span> 
     </span>
     <span class='ocr_line' id='line_1_34' title="bbox 87 3915 1107 4006; baseline -0.002 -25"><span class='ocrx_word' id='word_1_258' title='bbox 87 3916 273 3983; x_wconf 87' lang='lat' dir='ltr'>obsessione</span> <span class='ocrx_word' id='word_1_259' title='bbox 291 3941 354 3984; x_wconf 90' lang='lat' dir='ltr'>non</span> <span class='ocrx_word' id='word_1_260' title='bbox 369 3921 456 4005; x_wconf 92' lang='lat' dir='ltr'>prius</span> <span class='ocrx_word' id='word_1_261' title='bbox 474 3921 631 4006; x_wconf 88' lang='lat' dir='ltr'>agendum</span> <span class='ocrx_word' id='word_1_262' title='bbox 649 3918 820 3994; x_wconf 90' lang='lat' dir='ltr'>constituit,</span> <span class='ocrx_word' id='word_1_263' title='bbox 843 3939 937 4000; x_wconf 90' lang='lat' dir='ltr'>quam</span> <span class='ocrx_word' id='word_1_264' title='bbox 958 3938 1024 3980; x_wconf 90' lang='lat' dir='ltr'>rem</span> <span class='ocrx_word' id='word_1_265' title='bbox 1042 3915 1107 3979; x_wconf 86' lang='lat' dir='ltr'>fru-</span> 
     </span>
     <span class='ocr_line' id='line_1_35' title="bbox 88 4011 1108 4098; baseline -0.004 -21"><span class='ocrx_word' id='word_1_266' title='bbox 88 4011 272 4077; x_wconf 83' lang='lat' dir='ltr'>mentariam</span> <span class='ocrx_word' id='word_1_267' title='bbox 290 4014 476 4098; x_wconf 85' lang='lat' dir='ltr'>expedisset</span> <span class='ocrx_word' id='word_1_268' title='bbox 508 4025 540 4078; x_wconf 90' lang='lat' dir='ltr'>at</span> <span class='ocrx_word' id='word_1_269' title='bbox 556 4011 794 4098; x_wconf 88' lang='lat' dir='ltr'>Vercingetorix</span> <span class='ocrx_word' id='word_1_270' title='bbox 811 4011 920 4075; x_wconf 89' lang='lat' dir='ltr'>castris</span> <span class='ocrx_word' id='word_1_271' title='bbox 938 4031 1034 4096; x_wconf 88' lang='lat' dir='ltr'>prope</span> <span class='ocrx_word' id='word_1_272' title='bbox 1052 4032 1108 4094; x_wconf 93' lang='lat' dir='ltr'>op-</span> 
     </span>
     <span class='ocr_line' id='line_1_36' title="bbox 88 4104 1106 4195; baseline 0 -25"><span class='ocrx_word' id='word_1_273' title='bbox 88 4105 196 4190; x_wconf 85' lang='lat' dir='ltr'>pidum</span> <span class='ocrx_word' id='word_1_274' title='bbox 211 4104 260 4193; x_wconf 89' lang='lat' dir='ltr'>[in</span> <span class='ocrx_word' id='word_1_275' title='bbox 272 4106 392 4194; x_wconf 87' lang='lat' dir='ltr'>monte]</span> <span class='ocrx_word' id='word_1_276' title='bbox 408 4109 518 4195; x_wconf 90' lang='lat' dir='ltr'>positis</span> <span class='ocrx_word' id='word_1_277' title='bbox 537 4107 743 4173; x_wconf 91' lang='lat' dir='ltr'>mediocribus</span> <span class='ocrx_word' id='word_1_278' title='bbox 761 4107 877 4170; x_wconf 88' lang='lat' dir='ltr'>circum</span> <span class='ocrx_word' id='word_1_279' title='bbox 890 4128 924 4170; x_wconf 90' lang='lat' dir='ltr'>se</span> <span class='ocrx_word' id='word_1_280' title='bbox 937 4105 1106 4170; x_wconf 88' lang='lat' dir='ltr'>intervallis</span> 
     </span>
     <span class='ocr_line' id='line_1_37' title="bbox 90 4200 1108 4289; baseline -0.001 -23"><span class='ocrx_word' id='word_1_281' title='bbox 90 4202 256 4286; x_wconf 82' lang='lat' dir='ltr'>separatim</span> <span class='ocrx_word' id='word_1_282' title='bbox 270 4201 465 4289; x_wconf 85' lang='lat' dir='ltr'>singularum</span> <span class='ocrx_word' id='word_1_283' title='bbox 478 4203 649 4268; x_wconf 77' lang='lat' dir='ltr'>civitatium</span> <span class='ocrx_word' id='word_1_284' title='bbox 662 4203 768 4287; x_wconf 88' lang='lat' dir='ltr'>copias</span> <span class='ocrx_word' id='word_1_285' title='bbox 783 4200 995 4277; x_wconf 77' lang='lat' dir='ltr'>collocaverat,</span> <span class='ocrx_word' id='word_1_286' title='bbox 1014 4212 1108 4284; x_wconf 87' lang='lat' dir='ltr'>atque</span> 
     </span>
     <span class='ocr_line' id='line_1_38' title="bbox 90 4293 1107 4383; baseline -0.001 -25"><span class='ocrx_word' id='word_1_287' title='bbox 90 4293 236 4360; x_wconf 85' lang='lat' dir='ltr'>omnibus</span> <span class='ocrx_word' id='word_1_288' title='bbox 254 4295 322 4360; x_wconf 89' lang='lat' dir='ltr'>eius</span> <span class='ocrx_word' id='word_1_289' title='bbox 339 4296 406 4383; x_wconf 88' lang='lat' dir='ltr'>iugi</span> <span class='ocrx_word' id='word_1_290' title='bbox 424 4297 554 4362; x_wconf 91' lang='lat' dir='ltr'>collibus</span> <span class='ocrx_word' id='word_1_291' title='bbox 572 4297 744 4381; x_wconf 89' lang='lat' dir='ltr'>occupatis,</span> <span class='ocrx_word' id='word_1_292' title='bbox 763 4317 825 4379; x_wconf 89' lang='lat' dir='ltr'>qua</span> <span class='ocrx_word' id='word_1_293' title='bbox 842 4294 961 4380; x_wconf 89' lang='lat' dir='ltr'>despici</span> <span class='ocrx_word' id='word_1_294' title='bbox 977 4303 1107 4378; x_wconf 90' lang='lat' dir='ltr'>poterat,</span> 
     </span>
     <span class='ocr_line' id='line_1_39' title="bbox 91 4384 1110 4476; baseline -0.002 -25"><span class='ocrx_word' id='word_1_295' title='bbox 91 4384 269 4452; x_wconf 88' lang='lat' dir='ltr'>horribilem</span> <span class='ocrx_word' id='word_1_296' title='bbox 292 4391 429 4475; x_wconf 89' lang='lat' dir='ltr'>speeiem</span> <span class='ocrx_word' id='word_1_297' title='bbox 450 4389 618 4476; x_wconf 90' lang='lat' dir='ltr'>praebebat</span> <span class='ocrx_word' id='word_1_298' title='bbox 639 4390 856 4475; x_wconf 90' lang='lat' dir='ltr'>principesque</span> <span class='ocrx_word' id='word_1_299' title='bbox 878 4411 984 4453; x_wconf 89' lang='lat' dir='ltr'>earum</span> <span class='ocrx_word' id='word_1_300' title='bbox 1002 4388 1110 4452; x_wconf 71' lang='lat' dir='ltr'>civita</span> 
     </span>
    </p>
   </div>
   <div class='ocr_carea' id='block_1_3' title="bbox 90 4478 1108 4569">
    <p class='ocr_par' dir='ltr' id='par_1_3' title="bbox 90 4478 1108 4569">
     <span class='ocr_line' id='line_1_40' title="bbox 90 4478 1108 4569; baseline 0.002 -27"><span class='ocrx_word' id='word_1_301' title='bbox 90 4478 175 4557; x_wconf 75' lang='lat' dir='ltr'>bum,</span> <span class='ocrx_word' id='word_1_302' title='bbox 184 4502 265 4565; x_wconf 85' lang='lat' dir='ltr'>quos</span> <span class='ocrx_word' id='word_1_303' title='bbox 275 4482 335 4548; x_wconf 89' lang='lat' dir='ltr'>sibi</span> <span class='ocrx_word' id='word_1_304' title='bbox 343 4485 384 4548; x_wconf 92' lang='lat' dir='ltr'>ad</span> <span class='ocrx_word' id='word_1_305' title='bbox 392 4486 554 4550; x_wconf 89' lang='lat' dir='ltr'>eonsilium</span> <span class='ocrx_word' id='word_1_306' title='bbox 564 4484 747 4569; x_wconf 89' lang='lat' dir='ltr'>capiendum</span> <span class='ocrx_word' id='word_1_307' title='bbox 757 4483 921 4569; x_wconf 85' lang='lat' dir='ltr'>delegerat,</span> <span class='ocrx_word' id='word_1_308' title='bbox 931 4483 1031 4567; x_wconf 91' lang='lat' dir='ltr'>prima</span> <span class='ocrx_word' id='word_1_309' title='bbox 1040 4480 1108 4544; x_wconf 88' lang='lat' dir='ltr'>luco</span> 
     </span>
    </p>
   </div>
   <div class='ocr_carea' id='block_1_4' title="bbox 90 4573 1107 4731">
    <p class='ocr_par' dir='ltr' id='par_1_4' title="bbox 90 4573 1107 4731">
     <span class='ocr_line' id='line_1_41' title="bbox 90 4573 1107 4661; baseline 0.002 -24"><span class='ocrx_word' id='word_1_310' title='bbox 90 4573 203 4639; x_wconf 88' lang='lat' dir='ltr'>cotidie</span> <span class='ocrx_word' id='word_1_311' title='bbox 216 4575 258 4640; x_wconf 89' lang='lat' dir='ltr'>ad</span> <span class='ocrx_word' id='word_1_312' title='bbox 271 4598 307 4641; x_wconf 90' lang='lat' dir='ltr'>se</span> <span class='ocrx_word' id='word_1_313' title='bbox 320 4580 483 4645; x_wconf 83' lang='lat' dir='ltr'>convenire</span> <span class='ocrx_word' id='word_1_314' title='bbox 497 4578 633 4656; x_wconf 90' lang='lat' dir='ltr'>iubebat,</span> <span class='ocrx_word' id='word_1_315' title='bbox 652 4600 708 4644; x_wconf 91' lang='lat' dir='ltr'>seu</span> <span class='ocrx_word' id='word_1_316' title='bbox 722 4578 797 4661; x_wconf 89' lang='lat' dir='ltr'>quid</span> <span class='ocrx_word' id='word_1_317' title='bbox 806 4576 1107 4651; x_wconf 85' lang='lat' dir='ltr'>communicandum,</span> 
     </span>
     <span class='ocr_line' id='line_1_42' title="bbox 140 4673 939 4731; baseline 0.015 -12"><span class='ocrx_word' id='word_1_318' title='bbox 140 4673 208 4719; x_wconf 73' lang='lat' dir='ltr'>tura</span> <span class='ocrx_word' id='word_1_319' title='bbox 223 4676 312 4721; x_wconf 70' lang='lat' dir='ltr'>samar.</span> <span class='ocrx_word' id='word_1_320' title='bbox 923 4679 939 4731; x_wconf 83' lang='grc'>9</span> 
     </span>
    </p>
   </div>
   <div class='ocr_carea' id='block_1_5' title="bbox 0 0 1360 5206">
    <p class='ocr_par' dir='ltr' id='par_1_5' title="bbox 0 0 1360 5206">
     <span class='ocr_line' id='line_1_43' title="bbox 0 0 1360 5206; baseline 0 0"><span class='ocrx_word' id='word_1_321' title='bbox 0 0 1360 5206; x_wconf 95' lang='lat' dir='ltr'> </span> 
     </span>
    </p>
   </div>
  </div>
 </body>
</html>
