2692 5206
464 811 583 869 cenot.
601 813 650 867 vt.
667 813 788 866 tat-30.
1074 799 1136 864 107

111 932 171 1001 hoc
188 958 225 1001 se
244 935 352 1001 labore
370 935 483 1001 durant
499 935 640 1001 homines
658 935 873 1023 adulescentes
891 946 983 1019 atque
1005 936 1065 1001 hoe
1082 958 1137 1023 ge-

118 1051 187 1095 nere
204 1029 381 1096 venationis
399 1039 557 1106 exercent,
585 1040 616 1094 et
638 1031 691 1113 qui
713 1030 863 1114 plurimos
886 1052 926 1093 ex
943 1029 992 1095 his
1010 1031 1138 1096 interse-

127 1134 233 1201 arunt,
251 1124 357 1189 relatis
375 1123 408 1187 in
425 1123 585 1209 publicum
602 1123 758 1201 cornibus,
778 1146 857 1207 quae
876 1124 937 1188 sint
950 1124 1136 1204 testimonio,

131 1240 264 1306 nagnam
285 1218 389 1282 serunt
410 1218 544 1282 laudem.
590 1219 646 1282 sed
672 1241 852 1283 assuescere
878 1218 919 1282 ad
943 1217 1084 1283 homines
1106 1229 1137 1285 et

136 1311 314 1377 mansuefieri
332 1334 371 1376 ne
387 1312 510 1397 parvuli
524 1312 650 1396 quidem
663 1313 785 1398 excepti
798 1322 939 1398 possunt.
966 1313 1137 1398 amplitudo

141 1426 268 1471 cornuum
289 1417 322 1471 et
342 1405 444 1492 figura
466 1417 496 1470 et
515 1407 635 1491 species
658 1407 790 1471 multum
812 1431 832 1471 a
848 1416 1025 1472 nostrorum
1042 1406 1137 1472 boum

144 1499 263 1566 coraibus
289 1500 402 1565 differt.
446 1499 525 1565 haec
547 1501 686 1566 studiose
708 1500 881 1584 conquisita
906 1500 946 1565 ab
972 1500 1066 1565 labris
1089 1524 1138 1565 ar·

148 1606 216 1677 gente
230 1593 477 1659 circumcludunt
493 1604 586 1678 atque
600 1595 633 1659 in
646 1595 846 1680 amplissimis
860 1594 959 1680 epulis
973 1616 1029 1680 pro
1043 1616 1138 1679 pocu-
1235 1648 1237 1653 .

149 1683 313 1752 lisntnntur.

194 1779 316 1859 Cacsar,
343 1792 510 1867 postquam
536 1805 592 1868 per
619 1782 721 1847 Ubios
748 1781 958 1867 exploratores
990 1783 1140 1869 comperit
1157 1802 1188 1850 ao

154 1868 247 1939 Suebos
264 1898 334 1940 sese
351 1876 383 1939 in
402 1876 497 1942 silvas
514 1877 679 1961 recepisse,
697 1875 834 1960 inopiam
851 1875 998 1939 frumenti
1011 1875 1138 1951 veritus,

154 1966 222 2047 quot,
238 1981 271 2032 ut
288 1991 383 2053 supra
399 1969 694 2047 demonstravimus,
718 1970 845 2033 minime
863 1991 970 2034 omnes
990 1967 1140 2034 Germani

154 2060 326 2145 agrienlhrrae
344 2064 477 2141 student,
496 2064 655 2128 constituit
672 2086 735 2128 non
751 2063 897 2149 progredi
913 2063 1054 2149 longius3
1073 2064 1139 2142 scd,

155 2157 302 2221 momnino
324 2168 442 2221 metum
464 2158 581 2222 reditus
604 2158 653 2222 sui
672 2156 810 2222 barbaris
834 2157 968 2235 tolleret,
994 2167 1087 2241 atque
1106 2168 1141 2222 ut

154 2265 231 2323 etrum
246 2250 360 2315 auxilia
378 2251 525 2328 tardaret,
552 2251 681 2315 reducto
703 2251 841 2315 exercitu
857 2262 978 2336 partem
999 2251 1141 2316 ultimam

154 2342 241 2423 motis,
256 2365 337 2428 quae
353 2345 438 2430 ripas
456 2345 613 2411 Ubiorum
630 2344 843 2432 contingebat,
866 2346 898 2410 in
914 2345 1141 2432 longitudinem

154 2434 239 2517 Mum
259 2437 318 2505 CC
335 2439 496 2517 rescindit,
523 2450 616 2524 atque
638 2439 672 2503 in
693 2452 831 2504 extremo
853 2451 947 2525 ponte
969 2441 1077 2505 turrim
1095 2450 1141 2504 ta-

154 2522 297 2597 btaomm
323 2544 469 2617 quattuor
500 2534 660 2598 constituit
689 2534 940 2619 praesidiumque
967 2535 1141 2599 cohortium

154 2617 284 2690 duodecim
301 2627 406 2712 pontis
424 2628 531 2691 tuendi
549 2650 643 2691 eausa
656 2628 743 2712 ponit
756 2628 940 2713 magnisque
953 2649 1026 2691 eum
1037 2628 1141 2691 locum

153 2717 344 2785 munitionibus
362 2720 474 2785 firmat.
518 2721 547 2785 ei
568 2721 637 2786 loco
659 2722 876 2806 praesidioque
895 2718 1011 2785 Gaium
1028 2720 1142 2785 Volca-

154 2806 336 2878 fitn'lullum
344 2814 576 2879 adulescentem
584 2814 742 2900 praefecit,
761 2815 838 2899 ipse,
853 2837 924 2878 cum
933 2824 1142 2878 maturescere

154 2896 277 2971 tamenta
291 2907 473 2993 inciperent,
492 2909 533 2972 ad
550 2908 667 2973 bellum
684 2906 878 2994 Ambiorigis
896 2907 1069 2993 profectus,
1087 2929 1144 2992 per

153 2992 326 3065 Arduennam
344 3001 467 3079 silvam,
485 3025 564 3087 quae
583 3012 631 3067 est
648 3003 742 3067 totius
757 3000 878 3067 Galliae
896 3002 1033 3066 maxima
1050 3010 1143 3083 atque

153 3084 258 3179 abripis
274 3095 377 3160 Rheni
394 3095 572 3179 finibusque
585 3096 791 3161 Treverorum
810 3097 850 3161 ad
862 3096 993 3161 Nervios
1011 3095 1144 3181 pertinet

152 3180 310 3272 alitusque
326 3189 461 3274 amplius
479 3191 657 3276 quingentis
675 3192 707 3254 in
724 3190 950 3277 longitudinem
963 3199 1058 3275 patet,
1076 3189 1144 3253 Lu-

152 3273 212 3343 ciam
225 3278 398 3348 Minucium
411 3283 555 3348 Basilum
573 3307 644 3348 eum
661 3286 746 3350 ornni
764 3284 903 3368 equitatu
919 3283 1097 3369 praemittit,
1116 3282 1144 3347 si

152 3372 207 3451 quid
224 3377 378 3444 eeleritate
399 3379 518 3444 itineris
541 3391 633 3463 atque
656 3381 884 3466 opportunitate
908 3379 1054 3465 temporis
1072 3401 1144 3463 pro-

134 3462 219 3535 ·loere
232 3473 346 3558 possit3
365 3485 479 3551 monet,
498 3485 532 3538 ut
549 3475 638 3560 ignes
656 3476 723 3538 fieri
740 3476 773 3538 in
791 3475 900 3539 castris
914 3473 1086 3558 prohibeat,
1105 3494 1144 3536 ne

150 3578 197 3641 qua
208 3565 270 3632 eius
287 3567 442 3632 adventus
460 3568 568 3652 procul
590 3569 775 3654 significatio
797 3569 864 3632 fiat:
888 3591 957 3632 sese
979 3567 1145 3632 confestim

150 3652 273 3744 *ubthui
290 3661 375 3726 dicit.
402 3661 539 3738 Basilus,
559 3673 593 3725 ut
610 3662 795 3747 imperatum
814 3674 870 3737 est,
889 3661 974 3725 facit.
1006 3659 1146 3724 celeriter
1164 3680 1196 3726 30

149 3760 291 3839 lustraque
317 3755 458 3821 omnium
483 3756 661 3841 opinionem
683 3755 824 3820 consecto
846 3755 954 3819 itinere
975 3753 1090 3817 multos
1113 3753 1145 3815 in

149 3845 212 3929 'gris
233 3849 429 3936 inopinantes
456 3849 672 3935 deprehendit:
700 3873 807 3914 eorum
833 3849 949 3912 indicio
976 3848 1016 3913 ad
1040 3847 1146 3931 ipsum

149 3932 343 4029 Ambiorigem
359 3946 532 4023 contendit,
556 3967 618 4029 quo
636 3945 668 4008 in
685 3944 754 4010 loco
773 3943 970 4028 eum-paucis
988 3940 1145 4025 equitibus

149 4048 201 4097 etse
217 4035 386 4101 dicebatur.
429 4038 563 4103 multum
585 4061 656 4103 cum
673 4038 706 4102 in
724 4037 869 4103 omnibus
891 4037 1000 4113 rebus,
1024 4045 1091 4099 tum
1112 4034 1146 4099 in

148 4144 173 4189 re
183 4130 299 4198 militari
316 4144 421 4219 potest
437 4135 571 4199 fortuna.
606 4158 679 4199 nam
698 4134 778 4198 sieut
796 4155 912 4219 magno
929 4131 1041 4196 accidit
1060 4152 1145 4206 casu,

147 4221 340 4312 ulinipsum
360 4227 520 4293 incautum
542 4240 635 4311 atque
657 4229 749 4293 etiam
775 4228 962 4312 imparatum
988 4224 1145 4300 incideret,

147 4312 272 4403 priusque
289 4321 358 4387 eius
376 4322 528 4387 adventus
547 4321 586 4387 ab
604 4321 748 4387 omnibus
766 4323 931 4397 videretur,
949 4342 1044 4402 quarn
1061 4318 1147 4382 sama

147 4426 175 4471 tt
189 4415 300 4481 nuntiis
322 4414 499 4494 afferretur,
523 4417 569 4481 sic
591 4437 724 4502 magnac
743 4416 803 4479 fuit
820 4416 963 4480 fortunae
986 4413 1072 4478 omni
1088 4412 1147 4475 mi·

146 4496 209 4571 llari
223 4508 443 4588 instrumento,
466 4511 551 4595 quod
568 4511 684 4575 circum
703 4532 737 4573 sc
755 4509 903 4586 habebat,
922 4519 1045 4592 erepto,
1063 4506 1145 4570 redis

145 4599 276 4689 lquisque
292 4605 526 4692 comprehensis
544 4606 648 4690 ipsum
666 4603 805 4689 effugere
827 4612 969 4668 mortem.
1014 4601 1070 4666 sed
1087 4601 1147 4664 hoc
