2692 5206
444 798 570 857 CAPUT
590 800 674 854 1-6.
1004 792 1065 856 291

32 921 261 1006 subiectisque
279 944 333 986 eas
350 922 424 987 rotis
443 921 570 987 funibus
584 923 788 1006 iumentisque
802 923 931 990 obiectis
944 926 1067 992 directis

35 1014 163 1099 plateis
180 1016 213 1080 in
225 1038 453 1100 quamcumque
466 1027 532 1081 erat
544 1016 645 1081 visum
658 1027 776 1102 partem
790 1019 965 1084 movebant.
993 1022 1067 1087 urbs
1087 1044 1100 1088 s

39 1105 243 1174 fertilissima
259 1120 291 1175 et
308 1110 525 1195 copiosissima
537 1111 675 1174 omnium
688 1132 790 1174 rerum
807 1123 974 1197 apparatus
993 1138 1067 1202 sug-

45 1202 190 1284 gerebat.
233 1204 293 1288 ipsi
319 1203 460 1268 homines
491 1203 733 1289 ingeniosissimi
764 1220 855 1287 atque
886 1207 1065 1284 acutissimi,

47 1316 134 1378 quae
155 1323 174 1364 a
195 1300 308 1364 nostris
334 1299 401 1364 fieri
426 1299 580 1376 viderant,
607 1322 645 1363 ea
671 1298 793 1364 solertia
818 1299 1007 1379 efficiebant,
1033 1313 1067 1367 ut

50 1393 151 1456 nostri
179 1394 301 1458 illorum
331 1415 426 1477 opera
454 1393 564 1457 imitati
594 1393 784 1468 viderentur,
816 1407 847 1458 et
873 1417 931 1459 sua
957 1406 1066 1480 sponte

53 1484 152 1551 multa
171 1486 365 1571 reperiebant
386 1507 510 1569 unoque
533 1495 672 1570 tempore
693 1497 725 1550 et
742 1497 862 1551 nostras
880 1488 1066 1554 munitiones

55 1573 241 1645 infestabant
258 1590 290 1644 et
308 1601 381 1643 suas
399 1578 617 1644 defendebant.
657 1590 749 1663 atque
767 1579 843 1645 haec
863 1582 1017 1666 principes
1034 1582 1065 1646 iu

58 1673 189 1737 consiliis
219 1673 477 1756 contionibusque
507 1672 679 1758 agitabantt
714 1673 861 1758 populum
891 1673 1067 1740 Romanum

60 1765 201 1843 pedatim
225 1768 258 1832 in
285 1768 541 1833 consuetudinem
562 1768 629 1832 eius
651 1768 740 1853 regui
761 1769 931 1853 occupandi
952 1771 1067 1835 venire.

63 1862 162 1936 paucis
179 1862 267 1927 annis
286 1874 377 1927 antea
395 1859 565 1928 Gabinium
588 1885 659 1926 cum
682 1862 818 1926 exercitu
838 1863 936 1929 fuisse
952 1863 986 1928 in
1001 1862 1067 1929 Ae-

67 1963 165 2035 gyptm
182 1956 365 2041 Pompeium
384 1978 418 2021 se
435 1978 475 2020 ex
493 1956 570 2040 fuga
588 1956 695 2019 eodem
713 1956 880 2040 recepisse3
899 1956 1066 2023 Caesarem

68 2046 177 2113 renisa
193 2073 265 2115 cum
283 2051 395 2134 copiis,
419 2072 520 2133 neque
537 2060 636 2113 morte
654 2048 785 2135 Pompei
807 2051 973 2135 quicquam
995 2073 1066 2136 pro-

71 2129 258 2227 lectumque
276 2144 379 2208 minus
397 2144 478 2228 apud
498 2165 532 2207 sc
551 2142 670 2208 Caesar
687 2158 935 2209 commoraretur.
971 2166 1065 2228 quem

73 2225 162 2299 sinon
177 2238 381 2323 expulissent,
408 2238 544 2302 futuram
567 2260 607 2302 ex
625 2260 721 2323 regno
743 2239 946 2323 provinciam
972 2239 1066 2323 idque

10 2404 12 2409 Ι
73 2329 205 2405 eandum
224 2342 358 2396 mature:
376 2354 509 2415 namque
527 2354 597 2396 eum
616 2332 815 2397 interclusum
834 2334 1066 2419 tempestatibus

74 2428 260 2519 properarint
273 2438 395 2513 tempus
408 2429 544 2512 recipere
555 2427 757 2492 transmarina
771 2428 885 2492 auxilia
893 2451 954 2494 non
963 2451 1065 2514 posse.

26 2524 30 2529 ’
74 2518 173 2585 utefim
189 2522 382 2588 dissensione
397 2533 464 2587 orta
480 2524 560 2586 inter
572 2522 727 2597 Achillan,
746 2523 799 2605 qui
816 2535 961 2587 veterano
979 2546 1067 2589 exer·
1084 2549 1100 2594 t

10 2628 13 2697 ζ
75 2602 134 2674 citui
144 2626 288 2698 praeerat,
302 2626 333 2681 et
342 2616 508 2693 Arsinoen,
523 2617 605 2702 regis
614 2615 785 2680 Ptolemaei
800 2616 948 2681 minorem
961 2616 1066 2697 filium,

10 2700 13 2783 ξ
74 2706 102 2759 'll
115 2724 197 2792 supra
213 2710 457 2775 demonstratum
476 2721 536 2786 est,
560 2732 631 2774 cum
654 2720 782 2792 uterque
800 2710 920 2793 utrique
940 2710 1066 2775 iusidia-

10 2808 13 2915 ἰ
73 2800 141 2862 retur
154 2812 183 2865 et
200 2826 354 2868 summam
372 2803 492 2889 imperii
505 2805 573 2889 ipsc
587 2803 726 2868 obtinere
742 2803 844 2880 vellet,
862 2816 1066 2890 praeoccupat

10 2926 12 2939 ·
70 2876 185 2959 Aruns&
201 2918 258 2981 per
275 2895 481 2982 Ganymeden
499 2897 689 2974 eunuchum,
712 2897 878 2961 nutricium
896 2920 1002 2976 suum,
1020 2910 1067 2963 at·

10 2974 12 3005 ¹
68 2987 275 3056 uueAehiuan
291 2992 443 3057 interficit
479 2992 539 3057 hoo
562 2992 665 3057 occiso
688 2991 755 3056 sine
778 2991 841 3056 ullo
864 2992 948 3056 socio
966 3006 997 3056 et
1013 3014 1067 3056 cu-

67 3075 142 3142 dode
156 3083 224 3169 ipsa
241 3107 331 3150 omne
349 3087 512 3171 imperium
530 3085 701 3162 obtinebat3
720 3085 872 3150 exercitus
891 3083 1067 3170 Ganymedi

65 3166 188 3242 mutor.
212 3178 242 3243 is
259 3189 404 3265 suscepto
421 3180 525 3245 officio
543 3179 738 3265 largitionem
755 3179 788 3243 in
801 3179 913 3243 milites
931 3188 1024 3265 auget
1037 3188 1068 3243 ct

62 3255 169 3348 mlique
184 3271 252 3356 pari
268 3273 429 3358 diligentia
445 3272 648 3337 administrat.

120 3360 305 3430 Alexandria
326 3379 374 3432 est
395 3367 460 3431 fere
486 3376 552 3431 tota
573 3368 710 3432 suffossa
735 3388 909 3451 specusque
934 3365 1028 3431 habet
1049 3389 1101 3432 aa

88 3446 128 3515 ¹10
141 3459 335 3542 pertinentes,
353 3459 466 3543 quibus
484 3481 566 3543 aqua
578 3460 610 3524 in
623 3461 759 3544 privatas
776 3460 885 3525 domos
903 3460 1066 3536 inducitur,

59 3546 135 3643 ‘1⁰:²0
150 3552 297 3636 paulatim
319 3554 419 3638 spatio
441 3554 588 3638 temporis
610 3552 752 3636 liquescit
773 3575 810 3617 ac
832 3551 974 3618 subsidit.
1009 3552 1067 3617 hac

59 3632 109 3692 ”ll
121 3638 229 3710 domini
246 3646 456 3711 aedificiorum
473 3657 565 3730 atque
583 3668 689 3710 eorum
707 3646 843 3711 familiae
866 3657 1065 3711 consuemntz

59 3729 130 3794 '¹²¹³
144 3759 219 3819 quae
237 3739 364 3806 flumine
376 3741 449 3806 Nilo
466 3741 573 3817 fertur,
592 3742 669 3804 adeo
687 3750 735 3804 est
752 3739 864 3805 limosa
880 3761 917 3804 ac
935 3739 1065 3815 turbida,

58 3820 97 3913 Ἶῑ
112 3830 215 3898 multos
233 3835 397 3918 variosque
411 3835 535 3900 morbos
550 3835 679 3912 efficiat3
698 3834 754 3900 sed
767 3857 805 3898 ea
817 3833 925 3920 plebes
938 3855 976 3898 ac
989 3833 1067 3897 mul-

58 3904 152 3987 titus,
167 3937 312 3992 contenta
329 3940 376 3995 est
393 3930 577 4006 necessario,
596 3929 680 4013 quod
697 3927 769 3993 fons
787 3927 864 3993 urbe
882 3936 947 3992 tota
963 3926 1065 3991 nullus

58 4009 118 4071 Ἢ·
145 4016 202 4084 hoc
223 4030 329 4086 tamen
350 4022 465 4086 flumen
488 4024 519 4087 in
542 4046 580 4088 ea
600 4034 688 4107 parte
711 4032 776 4086 erat
798 4020 898 4098 urbis,
925 4043 1004 4104 quae
1027 4019 1066 4084 ab

59 4082 270 4180 Alexandrus
292 4115 463 4181 tenebatur.
502 4140 565 4202 quo
586 4117 670 4181 facto
692 4127 740 4180 est
762 4116 936 4180 admonitus
959 4113 1067 4200 Gany-

60 4194 158 4287 Qlts
174 4228 267 4293 posse
286 4220 407 4275 nostros
426 4233 508 4294 aqua
523 4209 700 4286 intercludi3
723 4209 777 4292 qui
794 4207 951 4273 distributi
967 4208 1067 4272 muni-

10 4380 12 4391 .
64 4278 168 4364 bonum
183 4302 369 4367 tuendarum
387 4326 482 4368 causa
498 4304 623 4367 vicatim
637 4325 676 4367 ex
689 4303 818 4387 privatis
832 4301 980 4366 aedificiis
998 4324 1067 4387 spe-

67 4376 152 4455 lube„
170 4416 208 4459 ac
233 4396 337 4480 puteis
363 4407 501 4461 exnacta
526 4419 608 4480 aqua
633 4397 807 4461 utebantur.
852 4395 911 4460 hoc
937 4394 1099 4481 probatos

71 4477 180 4578 “idalio
194 4510 346 4573 magnum
364 4512 401 4554 ac
417 4490 544 4554 difficile
563 4514 641 4575 opus
665 4490 854 4575 aggreditur.
889 4489 1065 4574 interseptis

74 4573 137 4635 e¹³11u
161 4581 314 4662 specubus
341 4595 433 4667 atque
458 4584 601 4650 omnibus
633 4583 718 4648 urbis
749 4583 890 4667 partibus
920 4582 1066 4657 exclusis,
1163 4593 1165 4597 ’

844 4682 893 4734 19·
