2692 5206
454 768 582 826 CAPUT
601 769 684 823 1-5.
1015 758 1076 822 327

58 906 170 959 rectus
189 904 260 979 post
281 894 365 957 diem
386 904 531 976 quartum
553 915 625 956 cum
646 891 749 975 longis
771 891 879 974 paucis
897 893 1029 958 navibus
1046 894 1078 957 in

55 1000 264 1073 conspectum
289 986 418 1051 Africae
445 986 542 1048 vonit:
568 1006 702 1067 namque
730 981 915 1070 [onerariae]
943 987 1078 1069 reliquae

55 1092 184 1163 praeter
200 1102 318 1165 paucas
340 1090 433 1143 vento
455 1079 613 1162 dispersae
635 1088 727 1160 atque
749 1076 939 1143 errabundae
957 1079 1079 1144 diversa

56 1170 132 1237 loca
147 1175 310 1259 petierunt
348 1172 501 1257 Clupeam
519 1172 619 1236 classe
636 1170 891 1255 praetervehitur,
909 1172 982 1236 dein
997 1172 1079 1238 Nea-

56 1264 174 1346 polim;
196 1266 356 1351 complura
373 1276 532 1350 praeterea
550 1264 677 1328 castella
693 1272 724 1328 et
742 1264 855 1348 oppida
871 1288 933 1328 non
950 1265 1042 1352 longe
1060 1292 1080 1331 a

57 1360 142 1424 nari
158 1359 291 1443 reliquit.
327 1371 493 1443 postquam
509 1356 718 1421 Adrumetum
735 1357 875 1435 accessit,
894 1358 946 1423 ubi
964 1361 1079 1443 pracsi-
1097 1381 1112 1427 3

55 1448 150 1517 dium
167 1463 235 1517 erat
251 1452 512 1528 adversariorum,
531 1452 581 1515 cui
598 1462 739 1535 praeerat
757 1449 794 1514 C.
814 1449 995 1529 Considius,
1014 1463 1045 1518 et
1061 1478 1081 1518 a

56 1539 194 1633 Clupeis
216 1547 388 1612 secundum
411 1568 496 1610 oram
518 1545 703 1609 maritimam
725 1566 795 1610 eum
817 1546 954 1629 equitatu
968 1545 1080 1610 'Adru-

54 1652 182 1704 metum
201 1639 261 1705 Cn.
279 1639 370 1716 Piso,
394 1662 466 1703 cum
483 1638 666 1703 Maurorum
688 1639 807 1703 circiter
828 1638 926 1703 tribus
944 1640 1078 1717 milibus,

55 1726 230 1820 'apparuit
235 1734 262 1811 ',
281 1734 324 1799 ibi
341 1733 499 1819 paulisper
512 1731 630 1797 Caesar
643 1743 713 1796 ante
726 1744 848 1817 portum
862 1746 1078 1811 commoratus,

53 1820 140 1892 dum
157 1827 294 1911 reliquae
311 1850 407 1892 naves
426 1827 633 1903 convenirent,
653 1826 777 1911 exponit
794 1827 971 1905 exercitum,
990 1829 1078 1893 cuius

53 1937 211 1986 numerus
228 1921 262 1985 in
278 1921 453 2006 praesentia
471 1920 529 1983 fuit
546 1920 684 2005 peditum
698 1919 751 1984 ΠΙ
763 1920 856 2006 milia,
875 1922 994 2004 equites
1008 1920 1078 1998 CL,

52 2015 236 2098 aeuisque
262 2026 334 2079 ante
360 2014 508 2098 oppidum
534 2014 643 2098 positis
670 2013 736 2078 sine
762 2012 872 2079 iniuria
898 2015 1079 2099 cuiusquam

51 2108 206 2173 eomedit
218 2107 402 2190 cohibetque
415 2130 522 2171 omnes
537 2131 556 2172 a
568 2107 692 2192 praeda.
719 2107 864 2192 oppidani
877 2107 998 2172 interim
1012 2131 1080 2172 mu-

51 2213 112 2261 ros
134 2201 259 2266 armatis
272 2201 437 2285 complent,
456 2211 527 2264 ante
540 2214 660 2284 portam
674 2200 849 2284 frequentes
863 2201 1028 2267 considunt
1040 2204 1080 2266 ad

53 2279 132 2381 [ee]
149 2295 393 2371 defendendum
412 2316 543 2378 quorum
560 2317 707 2360 numerus
721 2295 851 2359 duarum
863 2294 1021 2381 legionum
1034 2297 1081 2360 in-

54 2388 132 2453 star
146 2401 220 2453 erat.
249 2387 368 2453 Caesar
385 2389 499 2453 circum
517 2389 666 2473 oppidum
686 2400 791 2453 vectus
808 2399 918 2452 natura
935 2389 995 2453 loci
1012 2412 1081 2475 per-

55 2490 172 2555 wacta
183 2482 272 2547 rediit
286 2483 318 2545 in
331 2493 441 2547 eastra.
469 2505 623 2546 nonnemo
637 2481 746 2567 culpae
759 2482 825 2546 eius
843 2483 1081 2566 imprudentiae-

55 2580 127 2644 <lus
142 2576 332 2662 assignabat,
351 2575 434 2659 quod
452 2597 551 2658 neque
569 2588 687 2639 certum
704 2576 806 2639 locum
824 2575 1080 2660 gubernatoribus

58 2670 300 2760 praefectisque,
319 2691 412 2752 quem
430 2679 578 2754 peterent,
597 2679 802 2754 praeceperat,
823 2690 931 2751 neque,
949 2679 984 2732 ut
996 2692 1080 2732 more

60 2765 162 2837 usius
180 2763 373 2829 consuetudo
391 2763 600 2848 superioribus
615 2763 804 2848 temporibus
824 2761 933 2839 fuerat,
952 2762 1080 2827 tabellas

66 2848 203 2941 signatas
222 2857 358 2934 dederat,
378 2868 411 2921 ut
429 2858 461 2920 in
479 2866 616 2941 ternpore
629 2857 677 2920 his
691 2856 833 2941 perlectis
847 2856 950 2920 locum
963 2866 1080 2920 certum

66 2958 202 3026 peterent
217 2951 361 3016 universi.
389 2951 473 3034 quod
486 2951 611 3014 minime
626 2950 794 3015 Caesarem
808 2949 968 3014 fefellerat.
995 2972 1082 3013 nam-

73 3058 125 3123 que
145 3046 266 3110 nullum
288 3056 412 3131 portum
436 3056 533 3109 terrae
551 3045 693 3122 Africae,
720 3067 782 3128 quo
805 3043 921 3109 classes
939 3044 1081 3108 decurre-

76 3155 145 3215 rent,
171 3163 229 3226 pro
247 3150 331 3205 certo
349 3150 450 3202 tutum
468 3138 507 3203 ab
530 3139 665 3202 hostium
687 3138 841 3224 praesidio
858 3137 925 3202 fore
943 3138 1081 3222 suspica-

76 3225 168 3310 batur,
195 3234 252 3297 sed
269 3233 395 3297 fortuito
414 3231 548 3297 oblatam
567 3234 761 3297 occasionem
784 3255 928 3318 egressus
947 3254 1082 3315 ancupa-

76 3321 163 3391 batur.
190 3327 231 3391 L.
241 3327 377 3392 Plancus
395 3327 517 3391 interim
534 3326 656 3412 legatus
673 3327 749 3411 petit
767 3326 945 3404 aCaesare,
963 3327 1008 3390 uti
1023 3326 1081 3391 sibi
1100 3347 1116 3391 s

73 3418 149 3485 daret
172 3431 356 3506 potestatem
379 3442 450 3484 eum
473 3419 622 3484 Considio
645 3421 770 3506 agendi,
799 3422 825 3485 si
846 3431 953 3505 posset
980 3419 1083 3503 aliqua

71 3514 182 3579 ratione
199 3515 326 3599 perduci
345 3515 383 3578 ad
403 3514 575 3578 sanitatem.
602 3514 706 3598 itaque
719 3515 792 3578 data
805 3514 952 3578 facultate
965 3513 1081 3577 litteras

70 3607 232 3673 conscribit
253 3619 283 3672 et
304 3631 357 3673 eas
380 3608 503 3692 captivo
525 3608 578 3672 dat
600 3609 799 3692 perferendas
822 3609 853 3671 in
875 3606 1024 3693 oppidum
1042 3606 1083 3670 ad

70 3698 259 3767 Considium.
293 3725 356 3786 quo
375 3702 560 3784 simulatque
577 3703 718 3786 captivus
737 3724 807 3765 cum
825 3699 1017 3786 pervenisset
1034 3699 1083 3762 lit-

69 3806 218 3879 terasque,
236 3807 271 3859 ut
288 3808 353 3860 erat
371 3797 560 3872 mandatum,
581 3795 731 3860 Considio
748 3795 904 3880 porrigere
918 3793 1081 3877 coepisset,

68 3889 246 3973 priusquam
263 3890 415 3975 acciperet
431 3889 497 3965 illc,
518 3889 638 3966 ‘unde,'
660 3890 775 3973 inquit,
799 3887 921 3953 ‘istasi'
948 3898 1013 3950 tum
1032 3909 1083 3950 ca·

67 3983 182 4068 ptius:
202 3984 399 4068 ‘imperatore
413 4007 432 4048 a
446 3982 601 4048 Caesare!
627 3994 700 4047 tuuc
711 3982 888 4058 Considius,
909 3988 1002 4047 ‘unus
1016 3981 1082 4056 est‚'

66 4078 172 4161 inquit,
191 4076 314 4162 ‘Scipio
327 4079 493 4163 imperator
506 4078 565 4141 hoc
578 4090 715 4163 tempore
729 4078 837 4163 populi
851 4075 1011 4151 Romani3’
1029 4075 1083 4138 de·

65 4171 135 4239 inde
151 4173 185 4236 in
203 4184 372 4258 conspectu
393 4194 450 4237 suo
473 4174 576 4237 statim
599 4173 756 4258 captivum
779 4171 909 4235 interfici
931 4169 1018 4234 iubet
1033 4170 1083 4233 lit·

66 4267 354 4351 terasquenondum
367 4267 528 4350 perlectas,
543 4268 623 4331 sicut
636 4278 722 4331 erant
736 4267 884 4351 signatae,
901 4265 953 4328 dat
966 4263 1082 4327 homini

65 4370 147 4425 certo
164 4361 205 4426 ad
224 4359 403 4446 Scipionem
425 4361 634 4445 perferendas.
669 4369 834 4445 postquam
856 4382 918 4423 una
939 4369 1030 4422 noete
1052 4368 1116 4421 ets

65 4453 167 4519 dicad
179 4454 329 4540 oppidum
344 4465 528 4538 consumpta
541 4476 642 4536 neque
656 4476 840 4538 responsum
855 4451 952 4516 ullum
965 4476 984 4517 a
998 4448 1083 4516 Con·

65 4549 143 4614 sidio
156 4548 297 4626 dabatur,
312 4571 412 4632 neque
426 4549 455 4612 ci
468 4549 604 4631 reliquae
618 4550 724 4633 copiae
738 4546 967 4623 succurrebant,
981 4566 1082 4628 neque
