2692 5206
819 552 829 578 b

483 788 601 845 contar.
620 790 641 845 1.
658 789 777 844 aa-as.
1081 778 1144 845 189

116 911 275 977 ueteranis
295 911 553 996 matresque,
571 935 651 997 quas
670 935 709 977 ex
727 935 808 978 novo
826 913 948 978 delectu
966 913 1143 981 confecerat

127 1011 220 1087 atque
237 1007 268 1070 in
289 1007 399 1071 itinere
421 1007 644 1091 compleverat:
670 1007 869 1072 Domitianas
896 1008 978 1071 enim
1000 1008 1142 1075 cohortes

134 1100 261 1182 pretinm
284 1124 304 1165 a
321 1099 460 1165 Corfinio
482 1101 514 1164 in
533 1099 674 1167 Siciliam
696 1102 832 1166 miserat.
867 1103 981 1187 reperit
998 1103 1142 1169 consules

141 1190 354 1276 Dyrrhachium
371 1195 528 1281 profectos
547 1217 619 1260 curn
636 1220 751 1282 magna
763 1207 851 1281 parte
865 1197 1030 1275 exercitus,
1048 1198 1144 1263 Pom-

147 1287 230 1370 peium
243 1311 402 1354 remanere
419 1289 580 1354 Brundisii
598 1312 671 1354 cum
688 1291 869 1356 cohortibus
891 1291 1016 1376 viginti3
1042 1314 1144 1376 neque

152 1390 241 1446 eertum
261 1383 394 1448 inveniri
414 1394 550 1468 poterat,
577 1384 778 1449 obtinendine
800 1385 962 1449 Brundisii
984 1407 1079 1451 eausa
1100 1385 1145 1450 ibi

153 1477 332 1554 remansisset,
350 1499 413 1561 quo
426 1477 551 1541 facilius
565 1501 658 1542 omno
667 1478 885 1542 Hadriaticum
898 1501 984 1543 mare
997 1479 1144 1544 extremis

155 1565 234 1634 ltaliae
251 1570 392 1657 partibus
414 1570 656 1657 regionibusque
680 1570 831 1637 Graeciae
853 1573 885 1636 in
911 1582 1064 1657 potestate
1089 1572 1145 1637 ha·

155 1658 216 1726 beret
230 1678 319 1748 atque
337 1686 377 1729 ex
395 1676 525 1748 utraque
546 1676 634 1750 parte
657 1666 773 1731 bellum
791 1666 1006 1731 administrare
1027 1675 1144 1752 posset,

156 1775 183 1817 au
194 1756 284 1842 inopia
300 1759 428 1823 navium
445 1758 489 1822 ibi
501 1759 676 1836 restitisset,
694 1760 883 1843 veritusque,
903 1782 943 1824 ne
955 1759 1008 1824 illc
1022 1759 1144 1825 ltaliam

156 1845 339 1917 dimittendam
356 1874 419 1917 uon
442 1853 647 1931 existimaret,
675 1854 776 1918 exitus
799 1853 1144 1937 administrationesque

156 1938 302 2010 Brundisini
319 1944 428 2032 portus
441 1947 592 2031 impedire
605 1947 746 2012 instituit.
773 1969 905 2031 quorum
924 1970 1054 2033 operum
1066 1947 1145 2012 hace

157 2040 291 2104 tratmtio.
327 2062 391 2124 qua
408 2041 516 2105 fauces
534 2050 621 2105 crant
639 2041 879 2126 angustissimae
899 2052 1023 2126 portus,
1046 2039 1144 2105 moles

157 2138 221 2212 etque
234 2155 380 2220 aggerem
397 2134 437 2199 ab
455 2146 585 2218 utraque
603 2146 689 2219 parte
706 2135 806 2200 litoris
824 2135 969 2213 iaciebat,
992 2135 1077 2219 quod
1093 2134 1144 2198 bis

156 2218 207 2290 lotis
221 2239 281 2292 erat
297 2228 451 2292 vadosum
470 2250 563 2293 marc.
599 2229 723 2315 longius
741 2251 937 2315 progressus,
956 2251 1028 2293 cunr
1046 2250 1143 2315 agger

156 2314 232 2385 altiore
247 2343 328 2405 aqua
346 2323 495 2387 contineri
517 2346 580 2387 non
597 2333 718 2407 posset,
745 2334 827 2388 rates
848 2323 988 2409 duplices
1007 2344 1145 2406 quoque-

155 2430 233 2481 versus
248 2417 364 2502 pedum
377 2417 518 2482 XXXe
535 2418 661 2503 regione
679 2418 770 2482 molis
789 2417 969 2483 collocabat.
996 2417 1054 2481 bas
1068 2439 1145 2501 qua-

155 2509 222 2574 lttuis
236 2511 358 2576 ancone
376 2534 416 2576 cx
429 2512 499 2576 IIII
512 2510 635 2598 angulis
654 2513 839 2589 destinabat,
857 2535 897 2577 ne
914 2511 1059 2577 fluctibus
1077 2534 1145 2576 mo-

154 2613 274 2669 ventur.
314 2605 364 2669 his
386 2605 531 2690 perfectis
554 2606 774 2690 collocatisque
801 2606 877 2671 olias
905 2605 1052 2690 deinceps
1077 2604 1147 2689 pari

152 2699 335 2783 magnitudine
352 2711 435 2765 rates
454 2700 611 2786 iungebat.
647 2702 704 2766 has
723 2714 804 2765 terra
825 2713 918 2784 atque
935 2722 1051 2786 aggere
1067 2700 1145 2763 iute-

152 2787 231 2870 gebat,
251 2816 292 2858 ne
310 2794 413 2859 aditus
431 2805 524 2878 atque
542 2795 685 2859 incursus
703 2796 744 2859 ad
761 2793 992 2858 defendendum
1014 2791 1145 2878 impedi-

151 2891 220 2963 retur3
235 2911 255 2952 a
270 2887 374 2952 fronte
392 2898 485 2972 atque
503 2887 543 2953 ab
561 2900 693 2973 utroque
710 2889 806 2953 latere
825 2888 961 2953 cratibus
980 2908 1017 2951 ac
1029 2885 1143 2972 pluteis

151 2979 316 3066 protegebas
335 2982 368 3045 in
385 2993 497 3065 quarta
513 3004 637 3066 quaque
655 3005 762 3047 earum
780 2993 880 3046 turres
899 2981 1042 3046 binorum
1055 2978 1145 3043 tabu-

150 3062 253 3138 latorum
269 3074 440 3152 excitabat,
463 3098 526 3160 quo
544 3077 737 3158 commodius
755 3076 795 3141 ab
814 3077 932 3160 impetu
953 3074 1081 3139 navium
1098 3072 1145 3136 in-

150 3165 301 3251 udisque
310 3169 500 3233 defenderet.
519 3181 626 3234 contra
638 3171 715 3235 baec
724 3170 895 3255 Pompeius
909 3169 998 3233 navis
1012 3188 1144 3253 magnas
1163 3183 1195 3230 to

149 3261 292 3339 marias,
311 3284 391 3345 quas
408 3263 442 3326 in
458 3274 551 3348 portu
567 3264 760 3329 Brundisino
778 3264 1037 3349 deprehenderat,
1055 3261 1146 3326 ador-

149 3349 225 3418 aaa
240 3355 286 3420 ibi
300 3366 400 3421 turres
410 3378 482 3420 cum
497 3357 592 3421 ternis
607 3357 752 3423 tabulatis
762 3357 902 3444 erigebat
915 3378 1030 3441 easque
1038 3353 1145 3419 multis

149 3447 281 3515 tementis
295 3460 327 3514 et
340 3451 426 3515 omni
438 3473 553 3536 genere
567 3451 697 3516 telorum
712 3452 881 3537 completas
899 3452 939 3516 ad
957 3473 1051 3536 opera
1064 3447 1147 3513 Cae-

149 3539 205 3605 ms
219 3542 409 3629 appellebat,
428 3557 463 3607 ut
479 3556 562 3608 rates
580 3556 793 3631 perrumperet
810 3555 903 3628 atque
920 3567 1015 3629 opera
1032 3543 1145 3606 distur-

148 3623 221 3700 leret.
262 3637 309 3702 sie
331 3638 444 3702 cotidie
466 3639 621 3722 utrimque
643 3640 765 3703 eminus
787 3639 908 3714 fundis,
932 3636 1054 3722 sagittis
1075 3632 1146 3697 reli-

148 3725 253 3813 lu'sque
270 3731 342 3796 telis
360 3732 567 3817 pugnabatur.
603 3744 696 3816 atquc
718 3733 797 3797 haec
815 3732 933 3797 Cacsar
954 3733 999 3796 ita
1015 3727 1147 3794 admini-

146 3821 248 3903 Μαί,
264 3836 301 3890 ut
318 3827 517 3891 condiciones
536 3827 622 3912 pacis
640 3826 840 3890 dimittendas
859 3849 922 3890 non
939 3824 1145 3898 existimaret3

145 3920 290 3984 eumeni
302 3941 493 4005 magnopere
506 3920 717 3985 admirabatur
724 3919 879 4005 Magium,
894 3941 988 4003 quem
1002 3917 1042 3981 ad
1050 3915 1147 3979 Pom·

141 4006 227 4088 peium
243 4033 316 4076 eum
334 4013 490 4078 mandatis
507 4013 642 4090 miserat,
662 4013 702 4077 ad
720 4036 754 4078 se
771 4036 834 4078 non
851 4012 979 4088 remitti,
998 4020 1091 4093 atque
1108 4030 1147 4073 ea
1227 4010 1230 4015 ’

138 4120 179 4167 res
196 4126 288 4191 saepe
310 4116 429 4171 tentata
451 4107 510 4172 etsi
530 4107 666 4192 impetus
689 4107 757 4171 cius
780 4107 971 4189 consiliaque
993 4102 1145 4180 tardabat,

137 4203 225 4264 umen
237 4198 384 4264 omnibus
397 4199 491 4265 rebus
506 4201 538 4264 in
552 4223 589 4265 eo
601 4201 865 4286 perseverandum
878 4198 1018 4284 putabat.
1041 4198 1146 4281 itaque

134 4286 290 4358 Caninium
311 4292 461 4358 Rebilum
482 4294 635 4379 legatum,
663 4294 848 4358 familiarem
874 4292 1146 4374 necessariumque

129 4380 266 4452 Scriboni
282 4386 435 4465 Libonis,
453 4388 547 4452 mittit
565 4389 604 4452 ad
623 4410 695 4452 eum
713 4387 859 4470 colloquii
877 4407 986 4461 causa;
1008 4386 1144 4461 mandat,

125 4488 159 4543 ut
176 4478 333 4545 Libonem
357 4481 397 4546 de
419 4481 612 4546 concilianda
632 4503 710 4565 pace
737 4480 890 4555 hortetur3
917 4478 1083 4562 imprimis,
1110 4487 1144 4541 ut

121 4571 187 4660 ipse
201 4595 274 4639 cum
287 4573 441 4661 Pompeio
454 4575 688 4659 colloqueretur,
702 4573 853 4659 postulat:
871 4592 1061 4656 magnopere
1074 4592 1144 4635 sese
