2692 5206
416 791 534 849 COMM.
551 794 604 850 111.
621 794 741 851 58-62.
1024 784 1088 852 263

63 940 122 983 sua
139 916 277 982 amicitia
293 916 398 981 omnia
415 926 631 1003 exspectarent
648 927 679 983 et
696 940 735 983 ex
748 921 921 1004 praeteritis
934 922 1001 987 suis
1017 921 1089 989 offi-

62 1011 120 1075 ciis
138 1010 260 1094 reliqua
278 1021 447 1096 sperarent.
491 1034 639 1097 magnam
661 1022 766 1077 tamen
787 1012 866 1079 haee
888 1037 939 1081 res
960 1015 1022 1082 illis
1040 1017 1088 1082 of-

62 1105 240 1170 fensionem
258 1114 289 1169 et
310 1106 571 1190 contemptionem
593 1105 634 1170 ad
655 1128 765 1171 omnes
786 1107 903 1186 attulit,
929 1108 1024 1194 idque
1045 1111 1089 1175 ita

63 1221 135 1265 esse
153 1220 226 1263 cum
244 1220 284 1262 ex
301 1198 432 1263 aliorum
449 1198 707 1265 obiectationibus
730 1211 797 1265 tum
815 1202 909 1266 etiam
925 1225 966 1268 ex
982 1203 1088 1270 dome-

63 1294 143 1359 stieo
164 1292 281 1357 iudicio
302 1303 396 1377 atque
418 1294 513 1358 animi
534 1294 726 1359 conscientia
750 1294 981 1382 intellegebant.
1025 1318 1087 1381 quo

62 1387 183 1475 pudore
205 1386 331 1453 adducti
352 1398 383 1451 et
404 1386 538 1453 sortasse
560 1410 624 1453 non
646 1410 680 1454 se
705 1387 844 1467 liberari,
871 1389 983 1455 sedin
1003 1390 1088 1456 alind

63 1494 189 1566 tempus
205 1480 358 1546 reservari
370 1481 509 1546 arbitrati
523 1481 683 1547 discedere
701 1506 721 1547 a
733 1483 824 1549 nobis
837 1493 869 1549 et
881 1507 995 1549 novam
1008 1494 1088 1550 tem·

61 1586 150 1662 ptare
172 1574 330 1640 fortunam
352 1597 511 1659 novasque
529 1577 682 1641 amicitias
700 1577 833 1662 experiri
850 1579 1086 1644 constituentut.

61 1680 94 1735 et
110 1692 185 1735 cum
202 1669 311 1754 paucis
329 1669 473 1734 collocuti
491 1670 655 1735 clientibus
674 1671 750 1748 suis,
769 1671 884 1756 quibus
901 1681 1022 1737 tantum
1039 1673 1087 1738 fa-

60 1764 151 1829 cinus
161 1763 353 1828 committere
367 1763 532 1841 audebant,
546 1765 681 1849 primum
693 1765 798 1830 conati
811 1776 883 1830 sunt
894 1764 1086 1851 praefectum

61 1857 205 1941 equitum
218 1855 256 1922 C.
266 1855 463 1922 Volusenum
476 1858 657 1935 interficere,
675 1868 710 1922 ut
726 1868 836 1944 postea
849 1858 931 1925 bello
943 1859 1086 1925 consecto

61 1951 223 2037 cognitum
242 1961 302 2028 cst,
325 1962 360 2015 ut
378 1974 450 2016 eum
468 1974 596 2017 munere
614 1952 718 2036 aliquo
734 1952 912 2040 perfugisse
933 1954 974 2020 ad
990 1953 1087 2019 Pom-

60 2046 169 2131 peium
186 2045 377 2123 viderentur3
395 2056 562 2131 postquam
576 2046 609 2110 id
623 2046 780 2112 difficilius
794 2047 896 2113 visum
908 2059 966 2127 est,
984 2070 1086 2133 neque

60 2139 196 2204 facultas
213 2139 393 2224 perficiendi
410 2140 552 2218 dabatur,
570 2163 665 2225 quam
682 2142 835 2207 maximas
852 2152 1020 2228 potuerunt
1031 2165 1087 2228 pe-

61 2232 171 2297 cunias
190 2233 331 2310 mutuati,
351 2234 480 2319 proinde
498 2257 536 2299 ac
553 2235 619 2300 suis
637 2234 817 2301 satisfacere
830 2246 862 2301 et
878 2237 1022 2302 fraudata
1037 2260 1086 2302 re-

60 2327 190 2392 stituere
202 2326 327 2405 vellent,
346 2329 451 2393 multis
466 2330 617 2414 coe'mptis
630 2330 719 2413 equis
733 2329 773 2395 ad
786 2330 974 2417 Pompeium
986 2341 1086 2397 trans

60 2420 165 2485 icmnt
182 2443 255 2486 eum
272 2422 319 2499 iis,
338 2445 417 2506 quos
436 2423 485 2487 sui
498 2423 619 2487 consilii
632 2424 799 2509 participes
812 2423 979 2490 habebant.
1005 2446 1084 2508 quos
1103 2447 1133 2496 61

60 2512 246 2600 Pompeius,
273 2517 357 2599 quod
375 2527 463 2581 erant
480 2515 610 2582 honesto
627 2517 696 2582 loeo
714 2517 779 2581 nati
796 2525 828 2582 et
848 2517 991 2583 instructi
1006 2517 1085 2584 libe-

60 2606 168 2673 taliter
193 2631 371 2695 magnoque
397 2611 545 2675 comitatu
572 2619 602 2676 et
628 2610 735 2674 multis
764 2610 911 2675 iumentis
938 2622 1086 2677 venerant

59 2702 183 2786 virique
208 2702 305 2768 sortes
331 2703 526 2769 habebantur
551 2714 582 2769 et
607 2705 641 2768 in
666 2705 783 2770 honore
810 2704 894 2788 apud
916 2702 1085 2770 Caesarem

60 2795 200 2873 fuerant,
228 2797 375 2880 quodque
397 2819 512 2862 novum
535 2809 567 2862 et
588 2807 710 2882 praeter
730 2796 987 2861 consuetudinem
1004 2797 1086 2862 acci-

60 2889 164 2967 derat,
191 2891 296 2955 omnia
313 2913 370 2956 sua
387 2892 543 2976 praesidia
563 2890 771 2956 circumduxit
792 2900 886 2974 atque
907 2890 1084 2956 ostentavit.

60 3006 136 3049 nam
154 2992 226 3048 ante
244 2984 277 3048 id
294 2994 418 3070 tempus
435 3008 528 3051 nemo
546 2996 601 3050 aut
617 2984 707 3049 miles
726 2994 781 3049 aut
798 3006 894 3068 eques
911 3007 932 3049 a
949 2983 1085 3049 Caesare

60 3076 105 3144 ad
127 3076 317 3163 Pompeium
339 3079 515 3156 transierat,
543 3102 615 3145 cum
636 3101 736 3164 paene
762 3078 875 3144 cotidie
896 3077 1085 3163 aPompeio

58 3170 103 3237 ad
126 3168 296 3237 Caesarem
317 3172 530 3259 perfugerent,
557 3173 652 3259 vulgo
675 3195 749 3238 vero
771 3172 907 3237 universi
931 3173 964 3237 in
985 3171 1084 3257 Epiro

58 3274 156 3349 atque
172 3264 300 3330 Aetolia
316 3267 483 3353 conscripti
507 3267 619 3332 milites
643 3289 812 3351 earumque
833 3267 997 3353 regionum
1018 3289 1085 3332 om-

57 3359 164 3436 niurn,
185 3380 265 3443 quac
283 3384 303 3424 a
321 3359 457 3426 Caesare
480 3361 672 3426 tenebantur.
712 3361 769 3426 sed
786 3360 820 3425 hi
837 3361 969 3446 cognitis
986 3361 1085 3426 omni-

58 3450 124 3519 bus
139 3451 249 3531 rebus,
277 3476 334 3518 seu
351 3455 427 3537 quid
443 3455 476 3518 in
493 3454 715 3521 munitionibus
737 3454 911 3539 perfectum
928 3477 991 3520 non
1008 3465 1082 3531 erat,

57 3567 121 3613 seu
141 3547 216 3629 quid
238 3570 258 3611 a
278 3548 476 3632 peritioribus
493 3549 538 3614 rei
560 3548 701 3613 militaris
723 3547 892 3613 desiderari
910 3546 1083 3624 videbatur,

57 3639 317 3725 temporibusque
329 3664 433 3706 rerum
446 3653 478 3707 et
490 3642 598 3726 spatiis
611 3641 761 3718 locorum,
776 3641 987 3706 custodiarum
999 3641 1086 3705 varia

57 3733 223 3820 diligentia
235 3735 460 3813 animadversa,
478 3746 571 3820 prout
584 3735 735 3819 cuiusque
749 3757 866 3812 eorum,
884 3734 939 3818 qui
950 3734 1084 3819 negotiis

56 3838 237 3915 praeerant,
256 3841 311 3894 aut
327 3840 439 3894 natura
455 3840 509 3894 aut
527 3829 665 3895 studium
682 3828 817 3905 ferebat,
837 3828 915 3893 haec
932 3828 973 3894 ad
989 3827 1085 3893 Pom·

56 3920 169 4009 peium
189 3923 294 3988 omnia
314 3924 499 3988 detulemnt.
534 3924 648 4008 quibus
670 3923 722 3989 ille
744 3923 877 4010 cognitis
900 3922 1085 4007 eruptionis-
1102 3945 1135 3994 62

55 4036 125 4101 qua
140 4015 203 4081 iam
220 4027 292 4082 ante
315 4029 406 4103 capto
428 4018 570 4096 consilio,
597 4028 633 4082 ut
654 4018 900 4085 demonstratum
917 4025 979 4095 est,
1006 4017 1084 4103 tegi-
1133 4046 1136 4051 ⁴

55 4120 168 4177 menta
186 4110 285 4197 galeis
307 4112 420 4177 milites
442 4135 481 4178 ex
502 4112 670 4178 viminibus
696 4112 799 4178 faeere
822 4123 915 4196 atque
936 4132 1084 4198 aggerem

54 4200 148 4270 irrbet
168 4216 372 4291 comportare.
415 4205 465 4271 his
488 4207 605 4291 paratis
626 4206 721 4272 rebus
743 4229 893 4293 magnum
919 4228 1084 4271 numerum

54 4297 140 4365 levir
152 4311 327 4366 armaturae
339 4311 372 4365 et
384 4300 615 4387 sagittariorum
628 4323 839 4387 aggeremque
852 4323 977 4366 omnem
989 4312 1084 4367 noctu

53 4392 93 4459 in
111 4392 244 4478 scaphas
261 4403 293 4458 et
313 4417 411 4460 naves
433 4395 586 4461 actuarias
608 4395 740 4481 imponit
761 4404 792 4460 et
813 4395 853 4459 de
870 4394 973 4460 media
993 4404 1084 4460 nocto

54 4482 204 4553 cobortes
224 4486 295 4552 LX
316 4511 356 4553 ex
377 4489 522 4553 maximis
549 4490 659 4555 eastris
685 4487 912 4574 praesidiisque
933 4487 1082 4554 deductas

54 4578 102 4647 nd
122 4591 334 4667 campartem
359 4582 565 4648 munitionum
592 4583 691 4660 ducit,
716 4604 797 4667 quae
823 4581 1018 4669 pertinebant
1043 4579 1083 4644 ad
