2738 5272
181 702 243 767 358
532 705 647 761 BELLI
665 704 846 761 aerucam

128 895 130 899 .
180 833 405 921 campestribus
428 841 459 895 et
481 843 588 896 contra
607 828 731 906 Gallos,
754 827 895 891 homines
918 837 1045 911 apertos
1066 828 1219 893 minime-

179 953 240 1016 que
257 929 433 1002 insidiosos,
452 926 506 1009 qui
523 947 579 1009 per
596 925 754 1000 virtutem,
772 945 835 986 non
852 944 908 1007 per
925 921 1035 986 dolum
1054 923 1216 986 dimicare

179 1030 380 1097 consuerunt3
407 1032 473 1082 tum
495 1029 597 1082 autem
624 1028 689 1081 crat
715 1018 743 1080 ei
769 1015 986 1093 laborandum,
1015 1026 1052 1079 ut
1077 1038 1217 1081 consue-

180 1117 295 1181 faceret
312 1114 425 1178 milites
443 1112 580 1176 hostium
595 1111 693 1188 dolos,
711 1111 850 1188 insidias,
869 1110 999 1174 artificia
1012 1132 1216 1196 cognoscem

180 1210 303 1293 etquid
321 1208 423 1291 sequi,
449 1206 525 1289 quid
543 1206 639 1269 vitare
662 1207 848 1269 conveniret.
893 1205 1012 1287 itaque,
1040 1226 1112 1287 quo
1135 1205 1215 1270 haec

180 1305 310 1369 celerius
328 1302 533 1385 conciperent,
552 1299 646 1364 dabat
659 1321 794 1384 operam,
814 1309 847 1362 ut
860 1299 998 1384 legiones
1012 1320 1081 1362 non
1100 1299 1137 1363 in
1151 1322 1215 1365 uno

180 1401 248 1464 loco
270 1398 451 1472 contineret,
479 1395 534 1459 sed
560 1417 616 1479 per
642 1417 768 1458 eausam
790 1393 998 1458 frumentandi
1026 1393 1094 1458 buc
1118 1406 1216 1479 atque

181 1493 253 1558 illuc
278 1501 426 1575 raptaret,
452 1490 523 1553 idco
549 1489 632 1572 quod
659 1489 796 1552 hostium
822 1488 926 1572 copias
953 1487 991 1551 ab
1021 1509 1056 1552 se
1088 1511 1215 1573 suoque

181 1586 312 1671 vestigio
330 1606 392 1647 non
410 1584 601 1648 discessurae
620 1582 825 1648 existimabat.
854 1594 945 1665 atque
959 1596 1032 1666 post
1046 1582 1138 1647 diem
1154 1596 1216 1649 ter·

182 1681 258 1744 tium
284 1680 450 1763 productas
473 1678 645 1742 accuratius
669 1700 742 1742 suas
769 1676 874 1761 copias
897 1676 977 1740 sicut
1001 1676 1214 1755 instruxerat,

181 1786 306 1860 propter
327 1773 462 1837 hostium
485 1785 586 1837 castra
606 1783 855 1858 praetergressus
878 1793 976 1853 aequo
997 1771 1069 1835 loco
1095 1773 1214 1837 invitat

183 1869 223 1932 ad
245 1867 464 1931 dimicandum.
508 1877 674 1951 postquam
697 1865 862 1930 abhorrere
884 1887 938 1928 eos
956 1864 1056 1942 videt,
1084 1868 1216 1932 reducit

183 1961 241 2026 sub
259 1983 425 2046 vesperum
443 1961 581 2046 legiones
599 1962 631 2024 in
649 1971 759 2024 castra.

133 2077 164 2122 ⁷4
245 2055 360 2139 Legati
381 2054 502 2117 interim
525 2077 564 2118 ex
585 2055 699 2138 oppido
718 2053 823 2139 Vaga,
850 2053 934 2136 quod
955 2051 1130 2117 finitimum
1156 2055 1215 2119 suit

183 2147 287 2224 Zetae,
306 2147 393 2211 cuius
413 2145 580 2211 Caesarem
598 2149 730 2232 potitum
747 2169 817 2211 cssc
835 2146 1141 2224 demonstravimus,
1160 2171 1216 2213 ve·

182 2241 285 2317 niunt;
311 2251 420 2324 petunt
438 2251 469 2303 et
485 2241 662 2318 obsecrant,
690 2251 724 2305 ut
742 2240 802 2305 sibi
819 2241 1007 2325 praesidium
1025 2241 1152 2306 mittat:
1181 2265 1216 2307 se

183 2356 233 2398 res
252 2334 435 2417 complures,
454 2357 534 2417 quae
552 2336 643 2399 utiles
658 2333 739 2398 bello
754 2336 824 2411 sint,
844 2335 1129 2400 administraturos.
1160 2359 1217 2422 per

182 2428 265 2491 idem
284 2439 405 2511 tempus
424 2429 552 2491 deorum
575 2428 732 2493 voluntate
755 2429 919 2511 studioque
941 2452 1014 2513 erga
1034 2428 1215 2495 Caesarem

182 2523 344 2606 transfuga
361 2545 434 2586 suos
454 2524 537 2587 cives
555 2524 630 2587 facit
647 2524 791 2587 certiores
812 2523 921 2586 iubam
940 2545 1045 2607 regem
1065 2524 1215 2589 celeriter

125 2642 127 2644 ·
183 2638 254 2679 cum
276 2616 372 2700 copiis
396 2617 474 2692 suis,
502 2628 667 2699 antequam
692 2617 835 2680 Caesaris
858 2617 1048 2701 praesidium
1077 2640 1118 2681 eo
1144 2642 1216 2704 per-

182 2709 308 2785 veniret,
327 2709 367 2773 ad
384 2711 534 2795 oppidum
551 2712 762 2774 accucurrisse
780 2722 872 2792 atquc
891 2711 1111 2775 advenientem
1131 2714 1216 2776 mul-

183 2803 313 2866 titudine
340 2804 530 2867 circumdata
555 2828 592 2867 eo
620 2805 751 2888 potitum
774 2804 979 2886 omnibusque
1003 2804 1071 2867 eius
1100 2807 1216 2891 oppidi

182 2896 291 2959 ineolis
313 2896 353 2959 ad
371 2919 467 2961 unum
486 2899 655 2961 interfectis
679 2897 802 2961 dedisse
825 2898 972 2980 oppidum
996 2897 1216 2980 diripiendum

134 3011 165 3057 75
183 2989 410 3071 delendumque
432 2990 591 3054 militibus.
638 2990 756 3054 Caesar
778 2991 899 3053 interim
918 2991 1048 3054 lustrato
1068 2995 1217 3057 exercitu

183 3108 210 3146 a.
230 3085 259 3147 d.
274 3084 345 3147 XII
360 3085 420 3148 kal.
435 3086 536 3169 April.
552 3097 674 3169 postero
694 3086 743 3147 dic
761 3086 919 3169 productis
938 3085 1094 3148 universis
1109 3090 1217 3173 copiis

183 3199 366 3261 progressus
390 3177 429 3241 ab
453 3180 517 3242 suis
540 3179 649 3242 castris
673 3179 757 3241 milia
779 3202 930 3262 passuum
952 3178 983 3242 V
1005 3202 1023 3241 a
1047 3178 1217 3264 Scipionis

183 3271 303 3333 circiter
329 3270 424 3333 duum
452 3272 570 3334 rnilium
597 3272 756 3335 interiecto
783 3273 882 3356 spatio
909 3273 941 3334 in
967 3272 1032 3334 acie
1057 3277 1216 3340 constitit.

182 3373 346 3448 postquam
371 3366 444 3428 satis
467 3365 582 3448 diuque
605 3365 797 3428 adversarios
816 3365 856 3429 ab
875 3388 909 3430 sc
932 3366 971 3428 ad
993 3366 1218 3433 dimicandum

183 3457 328 3521 invitatos
347 3459 548 3541 supersedere
566 3481 690 3544 pugnae
708 3459 937 3534 animadvertit,
960 3460 1082 3522 reducit
1102 3465 1218 3547 copias

183 3566 369 3636 posteroque
387 3553 437 3615 dio
455 3563 556 3616 castra
574 3565 677 3615 movet
695 3565 786 3634 atquc
806 3554 844 3616 ad
864 3553 1011 3637 oppidum
1028 3553 1218 3635 Sarsurarn,

183 3647 237 3710 ubi
261 3645 366 3730 Scipio
389 3647 594 3710 Numidarum
616 3646 765 3710 habuerat
788 3647 976 3731 praesidium
999 3648 1219 3715 frumentum-

184 3762 244 3823 que
275 3751 534 3823 comportaverat,
565 3742 608 3803 irc
640 3740 806 3804 contendit.
852 3742 934 3823 quod
961 3739 1014 3803 ubi
1041 3741 1218 3809 Labienus

185 3834 414 3908 animadvertit,
442 3856 514 3897 cum
532 3835 670 3915 equitatu
687 3832 810 3915 levique
834 3846 989 3896 armatura
1006 3857 1124 3918 agmen
1143 3839 1218 3902 eius

185 3939 356 3991 extrenrurn
378 3949 503 4011 carpere
526 3927 627 4011 coepit
649 3937 741 4008 atque
765 3927 807 3989 ita
829 3927 961 3990 lixarum
984 3941 1218 3994 mercatorum-

185 4044 254 4103 que,
274 4021 326 4102 qui
344 4020 468 4104 plostris
486 4042 604 4083 merces
622 4020 796 4104 portabant,
815 4021 990 4104 interceptis
1006 4022 1140 4086 sarcinis
1158 4027 1218 4089 ad-

185 4115 249 4177 dito
267 4114 370 4176 animo
388 4114 514 4197 propius
533 4114 744 4196 audaciusque
763 4116 881 4177 accedit
899 4117 938 4178 ad
953 4115 1103 4199 legiones,
1125 4120 1217 4199 quod

186 4206 381 4270 existimabat
399 4208 512 4271 milites
536 4206 593 4270 sub
616 4229 708 4270 onere
732 4231 767 4271 ac
787 4208 845 4272 sub
865 4210 993 4272 sarcinis
1016 4208 1214 4294 defatigatos

186 4322 324 4384 pugnare
351 4324 411 4363 non
438 4323 540 4384 posse.
584 4323 735 4382 quaeres
760 4301 927 4366 Caesarem
950 4326 1011 4366 non
1038 4303 1236 4383 fefelleram,

186 4415 318 4474 namque
342 4395 501 4477 expeditos
524 4417 563 4457 ex
586 4393 715 4478 singulis
739 4395 913 4480 legionibus
936 4397 1068 4459 tricenos
1092 4398 1213 4464 milites

187 4509 256 4551 esse
274 4487 415 4551 iusserat.
458 4489 562 4571 itaque
581 4511 634 4552 eos
652 4489 685 4550 in
703 4490 872 4573 equitatum
890 4490 1024 4554 Labieni
1047 4490 1212 4558 immissos
