2692 5206
651 374 666 411 h

431 790 549 847 GOMM.
567 791 601 846 V.
619 790 738 847 56-58.
1050 781 1094 847 95

72 914 196 981 aceedit
213 923 307 998 atque
325 913 369 979 ibi
389 937 537 1001 magnam
557 923 677 1000 partem
695 914 757 979 diei
779 917 945 995 eonsumit;
972 917 1092 1001 equites

73 1011 137 1078 tela
153 1013 312 1077 eoniciunt
329 1022 359 1078 et
377 1034 492 1098 magns
508 1034 579 1077 cum
593 1010 780 1076 contumelia
792 1011 956 1078 verborum
968 1022 1092 1078 nostros

73 1107 116 1172 ad
131 1128 273 1194 pugnarn
290 1117 431 1172 evocant.
474 1106 559 1171 nullo
576 1105 616 1170 ab
634 1106 747 1170 nostris
766 1106 839 1171 dato
855 1128 1019 1192 responso,
1037 1107 1092 1173 ubi

73 1201 181 1266 risum
198 1210 261 1278 est,
287 1199 346 1266 sub
363 1222 529 1285 vesperum
551 1199 684 1284 dispersi
702 1221 739 1265 ae
760 1199 902 1284 dissipati
918 1200 1091 1267 discedunt.

73 1294 181 1361 subito
196 1293 359 1360 Labienus
377 1293 500 1357 duabus
517 1294 613 1378 portis
632 1315 756 1358 omnem
774 1295 946 1377 equitatum
967 1295 1092 1373 emittit;

73 1388 228 1474 praecipit
245 1397 337 1472 atque
354 1387 518 1463 interdicit,
536 1388 707 1471 protenitis
724 1387 867 1453 hostibus
884 1398 977 1472 atque
994 1388 1026 1452 in
1044 1388 1093 1453 su-

74 1504 152 1568 gam
178 1482 326 1547 eoniectis
353 1479 451 1565 (quod
471 1479 552 1557 sore,
580 1481 660 1545 sicut
682 1481 806 1558 accidit,
832 1481 971 1564 videbat)
997 1504 1092 1545 unum

72 1595 186 1639 omnes
202 1583 341 1660 peterent
358 1573 618 1650 Indutiomarum,
646 1596 707 1638 neu
724 1574 794 1658 quis
812 1595 905 1658 quem
922 1575 1008 1659 prius
1026 1575 1093 1639 vul-
1176 1649 1178 1654 ,

72 1678 173 1745 neret,
189 1690 286 1751 quam
302 1667 389 1732 illum
405 1668 603 1733 interfectum
621 1668 741 1744 viderit,
760 1669 844 1751 quod
861 1690 949 1733 mora
959 1667 1094 1751 reliquo·

72 1784 146 1826 rum
162 1762 299 1846 spatium
315 1773 440 1826 nactum
458 1761 546 1825 illum
564 1761 703 1847 effugere
721 1761 859 1841 nolebat3
885 1784 1001 1848 magna
1021 1784 1093 1847 pro·

72 1855 163 1941 ponit
175 1854 225 1932 iis,
242 1855 296 1938 qui
309 1855 486 1933 occiderint,
504 1855 656 1940 praemia:
676 1855 839 1919 summittit
853 1854 993 1920 cohortes
1007 1856 1094 1938 equi·

72 1949 159 2015 tibus
177 1948 327 2015 subsidio.
371 1949 552 2033 comprobat
568 1949 703 2014 hominis
721 1948 884 2014 consilium
902 1948 1040 2025 fortuna,
1062 1958 1093 2012 et

71 2066 146 2108 cnm
163 2065 262 2107 unum
279 2064 386 2108 omnes
404 2040 557 2128 peterent,
584 2043 616 2107 in
638 2043 706 2128 ipso
724 2042 859 2107 fluminis
880 2042 961 2107 vodo
984 2042 1093 2127 depre-

70 2137 190 2201 hensus
202 2135 435 2201 Indutiomarus
453 2136 644 2213 interficitur,
663 2147 816 2222 caputque
834 2136 901 2200 eius
914 2134 1047 2200 refertur
1059 2135 1093 2198 iu

69 2240 188 2295 matra:
208 2230 376 2295 redeuntes
394 2231 529 2314 equites,
552 2252 631 2314 quos
648 2240 794 2315 possunt,
813 2237 1030 2295 consectantur
1047 2240 1093 2293 at-

68 2346 132 2408 que
149 2323 305 2389 occidunt
349 2324 459 2389 haere
477 2324 616 2409 cognita,
639 2346 747 2388 omnes
764 2322 951 2389 Eburonum
968 2332 999 2387 et
1015 2322 1093 2387 Ner·

68 2418 209 2495 viomm,
236 2439 318 2502 quae
344 2428 564 2493 convenerant,
597 2416 704 2501 copiae
730 2416 906 2495 discedunt,
936 2417 1092 2503 pauloque

66 2511 181 2577 habuit
196 2520 272 2597 post
288 2511 321 2575 id
337 2511 457 2577 factum
476 2510 595 2576 Caesar
611 2511 795 2593 quietiorem
813 2508 959 2576 Galliam.

480 2719 689 2728 ——--—-—-

371 2854 404 2916 e.
426 2855 550 2917 runir
572 2856 789 2919 ennesius

222 3007 315 3089 DE
358 3008 591 3091 BELLO
635 3006 948 3090 GALLIOO

347 3180 642 3233 COMMENTARIUS
666 3182 821 3233 SEXTUS,

478 3356 684 3397 naumurum.

117 3430 374 3485 LGutliaemotus.
402 3431 500 3501 copias
510 3437 597 3501 auget
607 3429 712 3486 Caesar
721 3432 779 3485 cl.
815 3431 944 3501 Nervios,
955 3429 1091 3499 Senones,

66 3506 224 3575 Carnutes,
242 3507 393 3577 Menapios
413 3507 520 3579 subigit
534 3506 638 3562 Caesar
653 3525 676 3561 c.
689 3508 771 3577 2-6,
791 3508 932 3563 'l'reveros
945 3507 1092 3563 Labienus

66 3582 179 3637 rai-8.
215 3582 254 3637 11.
271 3586 365 3638 Altera
376 3584 535 3640 &sacrorn
545 3585 714 3638 Gerruum’em
722 3587 854 3655 expeditio.
891 3586 977 3640 Suebi
990 3586 1019 3639 iu
1028 3586 1091 3638 ulti-

66 3676 129 3714 mos
141 3657 217 3715 fines
231 3677 299 3715 auos
313 3678 344 3716 se
358 3661 498 3731 recipiunt
512 3679 536 3715 e.
551 3663 645 3716 9-10.
679 3678 772 3717 mores
787 3662 933 3717 Gallorum
947 3680 970 3717 c.
980 3663 1090 3729 11-20,

68 3735 276 3793 Germanorum
294 3754 318 3792 c.
327 3738 439 3807 21-24,
458 3737 603 3809 Hercynia
619 3737 699 3807 silva,
714 3738 851 3807 ferarum,
867 3756 940 3809 quae
953 3739 982 3792 iu
995 3756 1030 3794 ea
1043 3757 1091 3792 na-

69 3820 200 3883 seuntur,
220 3815 361 3885 quaedam
379 3832 486 3885 genera
504 3815 701 3871 deseribuntur
720 3831 742 3869 c.
760 3814 870 3869 25-28.
913 3815 965 3870 ΙΙΙ.
987 3816 1092 3868 Bellum

70 3898 161 3942 eontra
168 3892 530 3961 Ambioriqemetlr'buroner.
549 3891 665 3959 'Caesar
674 3908 708 3947 ex
718 3891 870 3946 Germania
878 3892 966 3946 redux
976 3892 1005 3944 in
1015 3891 1092 3945 Ebu-

71 3980 170 4019 ronam
186 3964 262 4021 fines
278 3968 431 4034 exereitum
449 3969 539 4037 ducit,
558 3986 655 4023 omues
670 3969 770 4023 Gallos
784 3969 820 4022 ad
833 3968 899 4021 illos
918 3967 1091 4039 diripiendos

72 4047 172 4097 eroeat
188 4059 214 4098 e.
231 4043 343 4098 29-34.
379 4043 528 4116 Sugambri
547 4047 608 4101 eius
625 4046 666 4101 rei
683 4046 760 4100 fama
776 4045 845 4099 moti
858 4046 987 4100 Rhenum
1001 4052 1091 4101 trans·

73 4127 152 4193 cunt,
183 4123 237 4177 sed
262 4128 371 4178 mutato
398 4125 518 4179 consitio
545 4124 689 4180 Ciceronis
715 4130 809 4178 castra
835 4123 1012 4192 adoriuntur3
1042 4125 1090 4178 ad-

74 4206 156 4255 ventu
177 4197 311 4257 Caesaris
334 4201 486 4271 desperata
509 4208 663 4257 castrorum
686 4202 893 4273 expugnatione
916 4204 1027 4257 domum
1048 4221 1091 4257 re·

74 4281 218 4332 vertuntur
241 4293 265 4332 c.
287 4276 399 4332 35-42.
442 4278 606 4333 Eburonum
628 4276 700 4334 fines
723 4284 882 4348 vastantur,
908 4279 1029 4334 concilio
1050 4279 1091 4333 in·

75 4350 146 4408 dieto
176 4353 214 4409 de
245 4352 390 4410 Senonum
418 4361 448 4410 et
478 4354 631 4410 Carnutum
667 4356 861 4411 coniuratione
896 4357 1090 4426 quaestionem

75 4428 191 4486 instituit
207 4430 328 4499 Caesar,
352 4433 388 4487 de
406 4438 522 4488 Accone
542 4433 711 4504 supplicium
731 4433 827 4501 sumit,
849 4433 879 4488 in
898 4434 1008 4489 Italiam
1025 4451 1091 4504 pro-

75 4503 205 4563 ficiscitur
221 4508 372 4564 cra-44.

119 4584 200 4642 Haec
211 4594 296 4658 gesta
308 4603 384 4642 anno
397 4604 422 4642 a
432 4604 459 4642 u.
469 4604 492 4643 e.
502 4587 561 4656 701,
576 4604 600 4642 a
611 4584 674 4641 Chr.
684 4586 726 4640 53.
