<?xml version="1.0" encoding="UTF-8"?>
<!DOCTYPE html PUBLIC "-//W3C//DTD XHTML 1.0 Transitional//EN"
    "http://www.w3.org/TR/xhtml1/DTD/xhtml1-transitional.dtd">
<html xmlns="http://www.w3.org/1999/xhtml" xml:lang="en" lang="en">
 <head>
  <title>
</title>
<meta http-equiv="Content-Type" content="text/html;charset=utf-8" />
  <meta name='ocr-system' content='tesseract 3.04.00' />
  <meta name='ocr-capabilities' content='ocr_page ocr_carea ocr_par ocr_line ocrx_word'/>
</head>
<body>
  <div class='ocr_page' id='page_1' title='image "./ciuliicaesarisc03krangoog_0305.png"; bbox 0 0 2692 5206; ppageno 0'>
   <div class='ocr_carea' id='block_1_1' title="bbox 417 789 1086 860">
    <p class='ocr_par' dir='ltr' id='par_1_1' title="bbox 417 789 1086 860">
     <span class='ocr_line' id='line_1_1' title="bbox 417 789 1086 860; baseline -0.006 0"><span class='ocrx_word' id='word_1_1' title='bbox 417 803 536 860; x_wconf 81' lang='lat' dir='ltr'>COMM.</span> <span class='ocrx_word' id='word_1_2' title='bbox 553 805 591 860; x_wconf 93' lang='lat' dir='ltr'>Il.</span> <span class='ocrx_word' id='word_1_3' title='bbox 608 803 728 859; x_wconf 71' lang='lat' dir='ltr'>tte-41.</span> <span class='ocrx_word' id='word_1_4' title='bbox 1022 789 1086 856; x_wconf 78' lang='lat'>233</span> 
     </span>
    </p>
   </div>
   <div class='ocr_carea' id='block_1_2' title="bbox 51 927 1138 4675">
    <p class='ocr_par' dir='ltr' id='par_1_2' title="bbox 51 927 1138 4675">
     <span class='ocr_line' id='line_1_2' title="bbox 72 927 1088 1015; baseline 0.002 -25"><span class='ocrx_word' id='word_1_5' title='bbox 72 927 239 1007; x_wconf 86' lang='lat' dir='ltr'>conficiunt,</span> <span class='ocrx_word' id='word_1_6' title='bbox 258 928 464 1014; x_wconf 87' lang='lat' dir='ltr'>imprudentis</span> <span class='ocrx_word' id='word_1_7' title='bbox 481 939 574 1011; x_wconf 89' lang='lat' dir='ltr'>atquc</span> <span class='ocrx_word' id='word_1_8' title='bbox 586 927 774 1012; x_wconf 76' lang='lat' dir='ltr'>inopinantis</span> <span class='ocrx_word' id='word_1_9' title='bbox 788 928 887 994; x_wconf 88' lang='lat' dir='ltr'>hostis</span> <span class='ocrx_word' id='word_1_10' title='bbox 901 928 1088 1015; x_wconf 87' lang='lat' dir='ltr'>aggrediun-</span> 
     </span>
     <span class='ocr_line' id='line_1_3' title="bbox 66 1020 1087 1105; baseline 0.004 -22"><span class='ocrx_word' id='word_1_11' title='bbox 66 1028 121 1084; x_wconf 87' lang='lat' dir='ltr'>tur.</span> <span class='ocrx_word' id='word_1_12' title='bbox 158 1021 312 1087; x_wconf 76' lang='lat' dir='ltr'>Numidae</span> <span class='ocrx_word' id='word_1_13' title='bbox 335 1023 418 1086; x_wconf 91' lang='lat' dir='ltr'>enim</span> <span class='ocrx_word' id='word_1_14' title='bbox 440 1022 575 1105; x_wconf 87' lang='lat' dir='ltr'>quadam</span> <span class='ocrx_word' id='word_1_15' title='bbox 597 1020 731 1086; x_wconf 84' lang='lat' dir='ltr'>barbara</span> <span class='ocrx_word' id='word_1_16' title='bbox 753 1023 976 1087; x_wconf 89' lang='lat' dir='ltr'>consuetudine</span> <span class='ocrx_word' id='word_1_17' title='bbox 993 1022 1087 1087; x_wconf 85' lang='lat' dir='ltr'>nullis</span> 
     </span>
     <span class='ocr_line' id='line_1_4' title="bbox 59 1114 1088 1201; baseline 0.001 -22"><span class='ocrx_word' id='word_1_18' title='bbox 59 1114 225 1180; x_wconf 82' lang='lat' dir='ltr'>ordinibus</span> <span class='ocrx_word' id='word_1_19' title='bbox 252 1115 371 1201; x_wconf 88' lang='lat' dir='ltr'>passim</span> <span class='ocrx_word' id='word_1_20' title='bbox 398 1115 611 1181; x_wconf 79' lang='lat' dir='ltr'><strong>consederant.</strong></span> <span class='ocrx_word' id='word_1_21' title='bbox 647 1114 705 1181; x_wconf 92' lang='lat' dir='ltr'>hos</span> <span class='ocrx_word' id='word_1_22' title='bbox 731 1136 899 1200; x_wconf 91' lang='lat' dir='ltr'>oppressos</span> <span class='ocrx_word' id='word_1_23' title='bbox 921 1138 1031 1182; x_wconf 90' lang='lat' dir='ltr'>somno</span> <span class='ocrx_word' id='word_1_24' title='bbox 1057 1127 1088 1180; x_wconf 88' lang='lat' dir='ltr'>et</span> 
     </span>
     <span class='ocr_line' id='line_1_5' title="bbox 55 1206 1086 1294; baseline 0.001 -22"><span class='ocrx_word' id='word_1_25' title='bbox 55 1206 223 1292; x_wconf 85' lang='lat' dir='ltr'>dispersos</span> <span class='ocrx_word' id='word_1_26' title='bbox 248 1209 350 1274; x_wconf 87' lang='lat' dir='ltr'>adorti</span> <span class='ocrx_word' id='word_1_27' title='bbox 376 1232 525 1294; x_wconf 87' lang='lat' dir='ltr'>magnum</span> <span class='ocrx_word' id='word_1_28' title='bbox 555 1231 663 1273; x_wconf 89' lang='lat' dir='ltr'>eorum</span> <span class='ocrx_word' id='word_1_29' title='bbox 692 1231 857 1273; x_wconf 88' lang='lat' dir='ltr'>numerum</span> <span class='ocrx_word' id='word_1_30' title='bbox 886 1209 1086 1287; x_wconf 83' lang='lat' dir='ltr'>interficiunt3</span> 
     </span>
     <span class='ocr_line' id='line_1_6' title="bbox 53 1301 1087 1389; baseline 0.004 -24"><span class='ocrx_word' id='word_1_31' title='bbox 53 1301 154 1366; x_wconf 87' lang='lat' dir='ltr'>multi</span> <span class='ocrx_word' id='word_1_32' title='bbox 170 1303 322 1388; x_wconf 76' lang='lat' dir='ltr'>perterriti</span> <span class='ocrx_word' id='word_1_33' title='bbox 334 1302 525 1389; x_wconf 84' lang='lat' dir='ltr'>profugiunt.</span> <span class='ocrx_word' id='word_1_34' title='bbox 552 1324 616 1386; x_wconf 93' lang='lat' dir='ltr'>quo</span> <span class='ocrx_word' id='word_1_35' title='bbox 629 1302 712 1367; x_wconf 82' lang='lat' dir='ltr'>facto</span> <span class='ocrx_word' id='word_1_36' title='bbox 730 1303 771 1367; x_wconf 93' lang='lat' dir='ltr'>ad</span> <span class='ocrx_word' id='word_1_37' title='bbox 785 1301 954 1368; x_wconf 87' lang='lat' dir='ltr'>Curionem</span> <span class='ocrx_word' id='word_1_38' title='bbox 968 1304 1087 1387; x_wconf 79' lang='lat' dir='ltr'>equites</span> 
     </span>
     <span class='ocr_line' id='line_1_7' title="bbox 51 1396 1137 1482; baseline 0.005 -24"><span class='ocrx_word' id='word_1_39' title='bbox 51 1406 259 1461; x_wconf 83' lang='lat' dir='ltr'>revertuntur</span> <span class='ocrx_word' id='word_1_40' title='bbox 275 1397 478 1482; x_wconf 86' lang='lat' dir='ltr'>captivosque</span> <span class='ocrx_word' id='word_1_41' title='bbox 496 1396 620 1460; x_wconf 89' lang='lat' dir='ltr'>adeum</span> <span class='ocrx_word' id='word_1_42' title='bbox 635 1397 795 1462; x_wconf 89' lang='lat' dir='ltr'>reducunt.</span> <span class='ocrx_word' id='word_1_43' title='bbox 824 1396 921 1463; x_wconf 88' lang='lat' dir='ltr'>Curio</span> <span class='ocrx_word' id='word_1_44' title='bbox 935 1419 1007 1462; x_wconf 93' lang='lat' dir='ltr'>cum</span> <span class='ocrx_word' id='word_1_45' title='bbox 1021 1418 1088 1462; x_wconf 90' lang='lat' dir='ltr'>om·</span> <span class='ocrx_word' id='word_1_46' title='bbox 1106 1417 1137 1465; x_wconf 82' lang='lat'>39</span> 
     </span>
     <span class='ocr_line' id='line_1_8' title="bbox 54 1482 1087 1576; baseline 0.004 -25"><span class='ocrx_word' id='word_1_47' title='bbox 54 1482 157 1554; x_wconf 87' lang='lat' dir='ltr'>nibus</span> <span class='ocrx_word' id='word_1_48' title='bbox 182 1489 280 1576; x_wconf 87' lang='lat' dir='ltr'>copiis</span> <span class='ocrx_word' id='word_1_49' title='bbox 306 1499 417 1574; x_wconf 90' lang='lat' dir='ltr'>quarta</span> <span class='ocrx_word' id='word_1_50' title='bbox 442 1489 550 1575; x_wconf 85' lang='lat' dir='ltr'>vigilia</span> <span class='ocrx_word' id='word_1_51' title='bbox 575 1491 693 1554; x_wconf 83' lang='lat' dir='ltr'>exierat</span> <span class='ocrx_word' id='word_1_52' title='bbox 719 1490 898 1556; x_wconf 85' lang='lat' dir='ltr'>cohortibus</span> <span class='ocrx_word' id='word_1_53' title='bbox 920 1489 952 1555; x_wconf 91' lang='lat' dir='ltr'>V</span> <span class='ocrx_word' id='word_1_54' title='bbox 978 1489 1087 1555; x_wconf 88' lang='lat' dir='ltr'>castris</span> 
     </span>
     <span class='ocr_line' id='line_1_9' title="bbox 55 1582 1087 1669; baseline 0.003 -23"><span class='ocrx_word' id='word_1_55' title='bbox 55 1582 218 1664; x_wconf 76' lang='lat' dir='ltr'>praesidio</span> <span class='ocrx_word' id='word_1_56' title='bbox 239 1582 365 1648; x_wconf 88' lang='lat' dir='ltr'>relictis.</span> <span class='ocrx_word' id='word_1_57' title='bbox 409 1604 595 1669; x_wconf 89' lang='lat' dir='ltr'>progressus</span> <span class='ocrx_word' id='word_1_58' title='bbox 617 1583 703 1647; x_wconf 88' lang='lat' dir='ltr'>milia</span> <span class='ocrx_word' id='word_1_59' title='bbox 723 1604 875 1668; x_wconf 82' lang='lat' dir='ltr'>passuum</span> <span class='ocrx_word' id='word_1_60' title='bbox 896 1583 946 1649; x_wconf 95' lang='lat' dir='ltr'>VI</span> <span class='ocrx_word' id='word_1_61' title='bbox 967 1584 1087 1668; x_wconf 87' lang='lat' dir='ltr'>equites</span> 
     </span>
     <span class='ocr_line' id='line_1_10' title="bbox 61 1677 1087 1763; baseline 0.007 -28"><span class='ocrx_word' id='word_1_62' title='bbox 61 1677 221 1754; x_wconf 83' lang='lat' dir='ltr'>eonvenit,</span> <span class='ocrx_word' id='word_1_63' title='bbox 247 1699 316 1741; x_wconf 87' lang='lat' dir='ltr'>rem</span> <span class='ocrx_word' id='word_1_64' title='bbox 332 1686 454 1763; x_wconf 91' lang='lat' dir='ltr'>gestam</span> <span class='ocrx_word' id='word_1_65' title='bbox 476 1677 636 1763; x_wconf 85' lang='lat' dir='ltr'>cognovit3</span> <span class='ocrx_word' id='word_1_66' title='bbox 664 1699 681 1741; x_wconf 91' lang='lat' dir='ltr'>e</span> <span class='ocrx_word' id='word_1_67' title='bbox 703 1677 834 1763; x_wconf 84' lang='lat' dir='ltr'>captivis</span> <span class='ocrx_word' id='word_1_68' title='bbox 856 1678 990 1762; x_wconf 88' lang='lat' dir='ltr'>quaerit,</span> <span class='ocrx_word' id='word_1_69' title='bbox 1016 1678 1087 1761; x_wconf 92' lang='lat' dir='ltr'>quis</span> 
     </span>
     <span class='ocr_line' id='line_1_11' title="bbox 64 1768 1088 1856; baseline 0.007 -27"><span class='ocrx_word' id='word_1_70' title='bbox 64 1769 174 1835; x_wconf 77' lang='lat' dir='ltr'>astris</span> <span class='ocrx_word' id='word_1_71' title='bbox 189 1770 231 1835; x_wconf 83' lang='lat' dir='ltr'>ad</span> <span class='ocrx_word' id='word_1_72' title='bbox 247 1770 427 1856; x_wconf 81' lang='lat' dir='ltr'>Bagradam</span> <span class='ocrx_word' id='word_1_73' title='bbox 444 1771 574 1856; x_wconf 85' lang='lat' dir='ltr'>praesit:</span> <span class='ocrx_word' id='word_1_74' title='bbox 592 1771 782 1855; x_wconf 91' lang='lat' dir='ltr'>respondent</span> <span class='ocrx_word' id='word_1_75' title='bbox 801 1768 982 1836; x_wconf 87' lang='lat' dir='ltr'>Saburram.</span> <span class='ocrx_word' id='word_1_76' title='bbox 1016 1771 1088 1835; x_wconf 88' lang='lat' dir='ltr'>reli-</span> 
     </span>
     <span class='ocr_line' id='line_1_12' title="bbox 71 1864 1088 1951; baseline 0.004 -25"><span class='ocrx_word' id='word_1_77' title='bbox 71 1876 133 1939; x_wconf 76' lang='lat' dir='ltr'>que</span> <span class='ocrx_word' id='word_1_78' title='bbox 149 1864 249 1928; x_wconf 89' lang='lat' dir='ltr'>studio</span> <span class='ocrx_word' id='word_1_79' title='bbox 267 1864 385 1929; x_wconf 91' lang='lat' dir='ltr'>itineris</span> <span class='ocrx_word' id='word_1_80' title='bbox 407 1864 590 1929; x_wconf 86' lang='lat' dir='ltr'>conficiendi</span> <span class='ocrx_word' id='word_1_81' title='bbox 611 1886 759 1948; x_wconf 87' lang='lat' dir='ltr'>quaerere</span> <span class='ocrx_word' id='word_1_82' title='bbox 780 1865 996 1950; x_wconf 89' lang='lat' dir='ltr'>praetermittit</span> <span class='ocrx_word' id='word_1_83' title='bbox 1015 1887 1088 1951; x_wconf 91' lang='lat' dir='ltr'>pro·</span> 
     </span>
     <span class='ocr_line' id='line_1_13' title="bbox 74 1948 1088 2044; baseline 0.003 -23"><span class='ocrx_word' id='word_1_84' title='bbox 74 1948 209 2041; x_wconf 63' lang='lat' dir='ltr'>fimoque</span> <span class='ocrx_word' id='word_1_85' title='bbox 225 1958 398 2044; x_wconf 85' lang='lat' dir='ltr'>respiciens</span> <span class='ocrx_word' id='word_1_86' title='bbox 415 1959 520 2044; x_wconf 90' lang='lat' dir='ltr'>signa,</span> <span class='ocrx_word' id='word_1_87' title='bbox 541 1957 731 2036; x_wconf 86' lang='lat' dir='ltr'>‘videtisne,’</span> <span class='ocrx_word' id='word_1_88' title='bbox 749 1959 859 2042; x_wconf 91' lang='lat' dir='ltr'>inquit,</span> <span class='ocrx_word' id='word_1_89' title='bbox 879 1960 1017 2037; x_wconf 69' lang='lat' dir='ltr'>‘militea</span> <span class='ocrx_word' id='word_1_90' title='bbox 1036 1979 1088 2024; x_wconf 89' lang='lat' dir='ltr'>oa-</span> 
     </span>
     <span class='ocr_line' id='line_1_14' title="bbox 79 2044 1086 2139; baseline 0.003 -26"><span class='ocrx_word' id='word_1_91' title='bbox 79 2044 219 2127; x_wconf 79' lang='lat' dir='ltr'>pfirorum</span> <span class='ocrx_word' id='word_1_92' title='bbox 232 2052 404 2117; x_wconf 89' lang='lat' dir='ltr'>orationem</span> <span class='ocrx_word' id='word_1_93' title='bbox 413 2074 485 2117; x_wconf 90' lang='lat' dir='ltr'>curn</span> <span class='ocrx_word' id='word_1_94' title='bbox 498 2051 639 2138; x_wconf 87' lang='lat' dir='ltr'>perfugis</span> <span class='ocrx_word' id='word_1_95' title='bbox 649 2053 833 2117; x_wconf 79' lang='lat' dir='ltr'>convenire?</span> <span class='ocrx_word' id='word_1_96' title='bbox 845 2050 956 2118; x_wconf 88' lang='lat' dir='ltr'>abesse</span> <span class='ocrx_word' id='word_1_97' title='bbox 969 2073 1086 2139; x_wconf 88' lang='lat' dir='ltr'>regem,</span> 
     </span>
     <span class='ocr_line' id='line_1_15' title="bbox 83 2139 1087 2232; baseline -0.001 -22"><span class='ocrx_word' id='word_1_98' title='bbox 83 2139 195 2229; x_wconf 63' lang='lat' dir='ltr'>exiguas</span> <span class='ocrx_word' id='word_1_99' title='bbox 217 2167 289 2211; x_wconf 89' lang='lat' dir='ltr'>esse</span> <span class='ocrx_word' id='word_1_100' title='bbox 311 2146 417 2231; x_wconf 88' lang='lat' dir='ltr'>copias</span> <span class='ocrx_word' id='word_1_101' title='bbox 440 2147 568 2223; x_wconf 91' lang='lat' dir='ltr'>missas,</span> <span class='ocrx_word' id='word_1_102' title='bbox 591 2168 671 2230; x_wconf 88' lang='lat' dir='ltr'>quae</span> <span class='ocrx_word' id='word_1_103' title='bbox 692 2147 802 2232; x_wconf 87' lang='lat' dir='ltr'>paucis</span> <span class='ocrx_word' id='word_1_104' title='bbox 821 2146 978 2231; x_wconf 91' lang='lat' dir='ltr'>equitibus</span> <span class='ocrx_word' id='word_1_105' title='bbox 995 2168 1087 2232; x_wconf 90' lang='lat' dir='ltr'>paros</span> 
     </span>
     <span class='ocr_line' id='line_1_16' title="bbox 86 2239 1088 2328; baseline 0.004 -27"><span class='ocrx_word' id='word_1_106' title='bbox 86 2250 139 2301; x_wconf 69' lang='lat' dir='ltr'>etse</span> <span class='ocrx_word' id='word_1_107' title='bbox 152 2261 213 2305; x_wconf 90' lang='lat' dir='ltr'>non</span> <span class='ocrx_word' id='word_1_108' title='bbox 228 2239 404 2325; x_wconf 88' lang='lat' dir='ltr'>potuerint?</span> <span class='ocrx_word' id='word_1_109' title='bbox 424 2240 553 2325; x_wconf 91' lang='lat' dir='ltr'>proinde</span> <span class='ocrx_word' id='word_1_110' title='bbox 571 2241 612 2304; x_wconf 92' lang='lat' dir='ltr'>ad</span> <span class='ocrx_word' id='word_1_111' title='bbox 628 2241 790 2326; x_wconf 87' lang='lat' dir='ltr'>praedam,</span> <span class='ocrx_word' id='word_1_112' title='bbox 809 2242 850 2306; x_wconf 90' lang='lat' dir='ltr'>ad</span> <span class='ocrx_word' id='word_1_113' title='bbox 867 2240 999 2328; x_wconf 89' lang='lat' dir='ltr'>gloriam</span> <span class='ocrx_word' id='word_1_114' title='bbox 1015 2263 1088 2327; x_wconf 92' lang='lat' dir='ltr'>pro-</span> 
     </span>
     <span class='ocr_line' id='line_1_17' title="bbox 87 2333 1088 2421; baseline -0.001 -23"><span class='ocrx_word' id='word_1_115' title='bbox 87 2342 182 2410; x_wconf 66' lang='lat' dir='ltr'>perate,</span> <span class='ocrx_word' id='word_1_116' title='bbox 205 2345 240 2398; x_wconf 90' lang='lat' dir='ltr'>ut</span> <span class='ocrx_word' id='word_1_117' title='bbox 256 2334 321 2398; x_wconf 89' lang='lat' dir='ltr'>iam</span> <span class='ocrx_word' id='word_1_118' title='bbox 337 2333 376 2398; x_wconf 90' lang='lat' dir='ltr'>de</span> <span class='ocrx_word' id='word_1_119' title='bbox 394 2333 540 2418; x_wconf 89' lang='lat' dir='ltr'>praemiis</span> <span class='ocrx_word' id='word_1_120' title='bbox 563 2334 675 2399; x_wconf 87' lang='lat' dir='ltr'>vestris</span> <span class='ocrx_word' id='word_1_121' title='bbox 693 2344 724 2399; x_wconf 91' lang='lat' dir='ltr'>et</span> <span class='ocrx_word' id='word_1_122' title='bbox 745 2334 785 2399; x_wconf 91' lang='lat' dir='ltr'>de</span> <span class='ocrx_word' id='word_1_123' title='bbox 807 2335 970 2400; x_wconf 87' lang='lat' dir='ltr'>reserenda</span> <span class='ocrx_word' id='word_1_124' title='bbox 986 2334 1088 2421; x_wconf 88' lang='lat' dir='ltr'>gratia</span> 
     </span>
     <span class='ocr_line' id='line_1_18' title="bbox 89 2425 1087 2514; baseline 0.001 -22"><span class='ocrx_word' id='word_1_125' title='bbox 89 2425 199 2509; x_wconf 62' lang='lat' dir='ltr'>capitam</span> <span class='ocrx_word' id='word_1_126' title='bbox 216 2427 421 2513; x_wconf 66' lang='lat' dir='ltr'>incipiamus?</span> <span class='ocrx_word' id='word_1_127' title='bbox 456 2437 544 2492; x_wconf 90' lang='lat' dir='ltr'>crant</span> <span class='ocrx_word' id='word_1_128' title='bbox 560 2449 616 2512; x_wconf 90' lang='lat' dir='ltr'>per</span> <span class='ocrx_word' id='word_1_129' title='bbox 633 2450 667 2492; x_wconf 91' lang='lat' dir='ltr'>se</span> <span class='ocrx_word' id='word_1_130' title='bbox 686 2451 809 2514; x_wconf 86' lang='lat' dir='ltr'>magna,</span> <span class='ocrx_word' id='word_1_131' title='bbox 827 2450 908 2512; x_wconf 87' lang='lat' dir='ltr'>quae</span> <span class='ocrx_word' id='word_1_132' title='bbox 925 2440 1087 2514; x_wconf 88' lang='lat' dir='ltr'>gesserant</span> 
     </span>
     <span class='ocr_line' id='line_1_19' title="bbox 89 2519 1088 2609; baseline 0.001 -24"><span class='ocrx_word' id='word_1_133' title='bbox 89 2519 193 2599; x_wconf 73' lang='lat' dir='ltr'>unies,</span> <span class='ocrx_word' id='word_1_134' title='bbox 206 2521 391 2607; x_wconf 87' lang='lat' dir='ltr'>praesertim</span> <span class='ocrx_word' id='word_1_135' title='bbox 404 2543 476 2586; x_wconf 90' lang='lat' dir='ltr'>cum</span> <span class='ocrx_word' id='word_1_136' title='bbox 490 2544 598 2586; x_wconf 91' lang='lat' dir='ltr'>eorum</span> <span class='ocrx_word' id='word_1_137' title='bbox 611 2522 745 2609; x_wconf 84' lang='lat' dir='ltr'>exiguus</span> <span class='ocrx_word' id='word_1_138' title='bbox 758 2545 907 2587; x_wconf 91' lang='lat' dir='ltr'>numerus</span> <span class='ocrx_word' id='word_1_139' title='bbox 917 2544 988 2587; x_wconf 88' lang='lat' dir='ltr'>eum</span> <span class='ocrx_word' id='word_1_140' title='bbox 1002 2532 1088 2586; x_wconf 88' lang='lat' dir='ltr'>tanta</span> 
     </span>
     <span class='ocr_line' id='line_1_20' title="bbox 87 2611 1086 2700; baseline 0.005 -25"><span class='ocrx_word' id='word_1_141' title='bbox 87 2611 260 2680; x_wconf 81' lang='lat' dir='ltr'>multitudine</span> <span class='ocrx_word' id='word_1_142' title='bbox 276 2614 482 2680; x_wconf 86' lang='lat' dir='ltr'>Numidarum</span> <span class='ocrx_word' id='word_1_143' title='bbox 500 2615 700 2680; x_wconf 85' lang='lat' dir='ltr'>conferretur.</span> <span class='ocrx_word' id='word_1_144' title='bbox 736 2615 814 2680; x_wconf 88' lang='lat' dir='ltr'>baec</span> <span class='ocrx_word' id='word_1_145' title='bbox 831 2615 992 2680; x_wconf 90' lang='lat' dir='ltr'>tamenab</span> <span class='ocrx_word' id='word_1_146' title='bbox 1009 2614 1086 2700; x_wconf 91' lang='lat' dir='ltr'>ipsis</span> 
     </span>
     <span class='ocr_line' id='line_1_21' title="bbox 87 2699 1086 2786; baseline 0.002 -15"><span class='ocrx_word' id='word_1_147' title='bbox 87 2699 198 2773; x_wconf 73' lang='lat' dir='ltr'>inflatius</span> <span class='ocrx_word' id='word_1_148' title='bbox 215 2709 552 2786; x_wconf 83' lang='lat' dir='ltr'>commemorabantur,</span> <span class='ocrx_word' id='word_1_149' title='bbox 579 2720 615 2772; x_wconf 87' lang='lat' dir='ltr'>ut</span> <span class='ocrx_word' id='word_1_150' title='bbox 631 2710 671 2774; x_wconf 82' lang='lat' dir='ltr'>&lt;le</span> <span class='ocrx_word' id='word_1_151' title='bbox 689 2709 754 2774; x_wconf 92' lang='lat' dir='ltr'>suis</span> <span class='ocrx_word' id='word_1_152' title='bbox 777 2709 918 2773; x_wconf 88' lang='lat' dir='ltr'>homines</span> <span class='ocrx_word' id='word_1_153' title='bbox 941 2708 1086 2773; x_wconf 89' lang='lat' dir='ltr'>laudibus</span> 
     </span>
     <span class='ocr_line' id='line_1_22' title="bbox 87 2793 1086 2889; baseline 0.001 -24"><span class='ocrx_word' id='word_1_154' title='bbox 87 2793 194 2867; x_wconf 85' lang='lat' dir='ltr'>libenter</span> <span class='ocrx_word' id='word_1_155' title='bbox 209 2804 399 2888; x_wconf 86' lang='lat' dir='ltr'>praedicant.</span> <span class='ocrx_word' id='word_1_156' title='bbox 426 2804 525 2869; x_wconf 88' lang='lat' dir='ltr'>multa</span> <span class='ocrx_word' id='word_1_157' title='bbox 537 2815 698 2889; x_wconf 90' lang='lat' dir='ltr'>praeterea</span> <span class='ocrx_word' id='word_1_158' title='bbox 711 2803 810 2888; x_wconf 88' lang='lat' dir='ltr'>spolia</span> <span class='ocrx_word' id='word_1_159' title='bbox 822 2801 1086 2887; x_wconf 81' lang='lat' dir='ltr'>praeferebantur,</span> 
     </span>
     <span class='ocr_line' id='line_1_23' title="bbox 87 2895 1087 2983; baseline -0.001 -22"><span class='ocrx_word' id='word_1_160' title='bbox 87 2895 148 2978; x_wconf 77' lang='lat' dir='ltr'>apti</span> <span class='ocrx_word' id='word_1_161' title='bbox 162 2895 306 2962; x_wconf 87' lang='lat' dir='ltr'>homines</span> <span class='ocrx_word' id='word_1_162' title='bbox 324 2898 458 2982; x_wconf 91' lang='lat' dir='ltr'>equique</span> <span class='ocrx_word' id='word_1_163' title='bbox 475 2897 737 2983; x_wconf 88' lang='lat' dir='ltr'>producebantur,</span> <span class='ocrx_word' id='word_1_164' title='bbox 755 2908 804 2974; x_wconf 92' lang='lat' dir='ltr'>ut,</span> <span class='ocrx_word' id='word_1_165' title='bbox 823 2896 975 2981; x_wconf 91' lang='lat' dir='ltr'>quidquid</span> <span class='ocrx_word' id='word_1_166' title='bbox 991 2895 1087 2960; x_wconf 89' lang='lat' dir='ltr'>inter-</span> 
     </span>
     <span class='ocr_line' id='line_1_24' title="bbox 88 2987 1085 3076; baseline 0.002 -26"><span class='ocrx_word' id='word_1_167' title='bbox 88 2987 186 3055; x_wconf 75' lang='lat' dir='ltr'>cederet</span> <span class='ocrx_word' id='word_1_168' title='bbox 211 2991 374 3076; x_wconf 90' lang='lat' dir='ltr'>temporis,</span> <span class='ocrx_word' id='word_1_169' title='bbox 401 2991 462 3056; x_wconf 92' lang='lat' dir='ltr'>hoe</span> <span class='ocrx_word' id='word_1_170' title='bbox 488 3015 579 3056; x_wconf 90' lang='lat' dir='ltr'>omne</span> <span class='ocrx_word' id='word_1_171' title='bbox 602 2991 763 3056; x_wconf 88' lang='lat' dir='ltr'>victoriam</span> <span class='ocrx_word' id='word_1_172' title='bbox 785 2989 898 3055; x_wconf 89' lang='lat' dir='ltr'>morari</span> <span class='ocrx_word' id='word_1_173' title='bbox 920 2989 1085 3054; x_wconf 89' lang='lat' dir='ltr'>videretur.</span> 
     </span>
     <span class='ocr_line' id='line_1_25' title="bbox 87 3074 1087 3168; baseline 0.003 -25"><span class='ocrx_word' id='word_1_174' title='bbox 87 3074 118 3143; x_wconf 78' lang='lat' dir='ltr'>ila</span> <span class='ocrx_word' id='word_1_175' title='bbox 125 3082 187 3168; x_wconf 87' lang='lat' dir='ltr'>spei</span> <span class='ocrx_word' id='word_1_176' title='bbox 200 3081 348 3149; x_wconf 90' lang='lat' dir='ltr'>Curionis</span> <span class='ocrx_word' id='word_1_177' title='bbox 361 3084 494 3149; x_wconf 85' lang='lat' dir='ltr'>militurn</span> <span class='ocrx_word' id='word_1_178' title='bbox 508 3085 611 3150; x_wconf 88' lang='lat' dir='ltr'>studia</span> <span class='ocrx_word' id='word_1_179' title='bbox 623 3108 687 3149; x_wconf 91' lang='lat' dir='ltr'>non</span> <span class='ocrx_word' id='word_1_180' title='bbox 700 3085 836 3149; x_wconf 76' lang='lat' dir='ltr'>deerant</span> <span class='ocrx_word' id='word_1_181' title='bbox 864 3084 983 3167; x_wconf 87' lang='lat' dir='ltr'>equites</span> <span class='ocrx_word' id='word_1_182' title='bbox 997 3082 1087 3166; x_wconf 92' lang='lat' dir='ltr'>sequi</span> 
     </span>
     <span class='ocr_line' id='line_1_26' title="bbox 87 3167 1087 3264; baseline 0.001 -25"><span class='ocrx_word' id='word_1_183' title='bbox 87 3167 152 3239; x_wconf 79' lang='lat' dir='ltr'>iubet</span> <span class='ocrx_word' id='word_1_184' title='bbox 167 3199 235 3242; x_wconf 87' lang='lat' dir='ltr'>sese</span> <span class='ocrx_word' id='word_1_185' title='bbox 253 3178 373 3261; x_wconf 89' lang='lat' dir='ltr'>iterque</span> <span class='ocrx_word' id='word_1_186' title='bbox 390 3178 552 3256; x_wconf 88' lang='lat' dir='ltr'>accelerat,</span> <span class='ocrx_word' id='word_1_187' title='bbox 570 3190 712 3262; x_wconf 88' lang='lat' dir='ltr'>utquam</span> <span class='ocrx_word' id='word_1_188' title='bbox 726 3179 861 3243; x_wconf 84' lang='lat' dir='ltr'>maxime</span> <span class='ocrx_word' id='word_1_189' title='bbox 875 3200 915 3242; x_wconf 82' lang='lat' dir='ltr'>ex</span> <span class='ocrx_word' id='word_1_190' title='bbox 928 3177 1005 3264; x_wconf 89' lang='lat' dir='ltr'>suga</span> <span class='ocrx_word' id='word_1_191' title='bbox 1016 3198 1087 3262; x_wconf 88' lang='lat' dir='ltr'>per-</span> 
     </span>
     <span class='ocr_line' id='line_1_27' title="bbox 89 3268 1087 3357; baseline 0.002 -25"><span class='ocrx_word' id='word_1_192' title='bbox 89 3268 186 3335; x_wconf 76' lang='lat' dir='ltr'>territos</span> <span class='ocrx_word' id='word_1_193' title='bbox 201 3271 318 3336; x_wconf 89' lang='lat' dir='ltr'>adoriri</span> <span class='ocrx_word' id='word_1_194' title='bbox 334 3283 451 3357; x_wconf 86' lang='lat' dir='ltr'>posset.</span> <span class='ocrx_word' id='word_1_195' title='bbox 488 3273 581 3336; x_wconf 90' lang='lat' dir='ltr'>atilli</span> <span class='ocrx_word' id='word_1_196' title='bbox 598 3273 706 3337; x_wconf 89' lang='lat' dir='ltr'>itinere</span> <span class='ocrx_word' id='word_1_197' title='bbox 723 3272 818 3338; x_wconf 91' lang='lat' dir='ltr'>totius</span> <span class='ocrx_word' id='word_1_198' title='bbox 836 3273 935 3337; x_wconf 90' lang='lat' dir='ltr'>noetis</span> <span class='ocrx_word' id='word_1_199' title='bbox 954 3271 1087 3337; x_wconf 91' lang='lat' dir='ltr'>consecti</span> 
     </span>
     <span class='ocr_line' id='line_1_28' title="bbox 90 3357 1087 3451; baseline 0.005 -27"><span class='ocrx_word' id='word_1_200' title='bbox 90 3357 213 3449; x_wconf 69' lang='lat' dir='ltr'>subsequi</span> <span class='ocrx_word' id='word_1_201' title='bbox 229 3387 293 3431; x_wconf 92' lang='lat' dir='ltr'>non</span> <span class='ocrx_word' id='word_1_202' title='bbox 310 3376 461 3451; x_wconf 89' lang='lat' dir='ltr'>poterant,</span> <span class='ocrx_word' id='word_1_203' title='bbox 480 3376 573 3450; x_wconf 89' lang='lat' dir='ltr'>atque</span> <span class='ocrx_word' id='word_1_204' title='bbox 591 3367 643 3430; x_wconf 90' lang='lat' dir='ltr'>alii</span> <span class='ocrx_word' id='word_1_205' title='bbox 660 3366 721 3431; x_wconf 87' lang='lat' dir='ltr'>alio</span> <span class='ocrx_word' id='word_1_206' title='bbox 738 3366 808 3431; x_wconf 92' lang='lat' dir='ltr'>loco</span> <span class='ocrx_word' id='word_1_207' title='bbox 824 3365 1020 3432; x_wconf 88' lang='lat' dir='ltr'>resistebant.</span> <span class='ocrx_word' id='word_1_208' title='bbox 1047 3386 1087 3429; x_wconf 89' lang='lat' dir='ltr'>ne</span> 
     </span>
     <span class='ocr_line' id='line_1_29' title="bbox 90 3446 1138 3546; baseline 0.004 -25"><span class='ocrx_word' id='word_1_209' title='bbox 90 3446 280 3542; x_wconf 67' lang='lat' dir='ltr'>nequidem</span> <span class='ocrx_word' id='word_1_210' title='bbox 295 3482 346 3525; x_wconf 90' lang='lat' dir='ltr'>res</span> <span class='ocrx_word' id='word_1_211' title='bbox 360 3458 529 3524; x_wconf 81' lang='lat' dir='ltr'>Curionem</span> <span class='ocrx_word' id='word_1_212' title='bbox 547 3460 587 3524; x_wconf 90' lang='lat' dir='ltr'>ad</span> <span class='ocrx_word' id='word_1_213' title='bbox 601 3483 690 3546; x_wconf 91' lang='lat' dir='ltr'>spem</span> <span class='ocrx_word' id='word_1_214' title='bbox 708 3460 895 3526; x_wconf 89' lang='lat' dir='ltr'>morabatur.</span> <span class='ocrx_word' id='word_1_215' title='bbox 923 3459 1006 3525; x_wconf 89' lang='lat' dir='ltr'>Iuba</span> <span class='ocrx_word' id='word_1_216' title='bbox 1019 3481 1084 3524; x_wconf 88' lang='lat' dir='ltr'>cer·</span> <span class='ocrx_word' id='word_1_217' title='bbox 1104 3478 1138 3525; x_wconf 76' lang='grc' dir='ltr'>ιο</span> 
     </span>
     <span class='ocr_line' id='line_1_30' title="bbox 92 3542 1087 3640; baseline 0.002 -27"><span class='ocrx_word' id='word_1_218' title='bbox 92 3542 132 3611; x_wconf 71' lang='lat' dir='ltr'>ster</span> <span class='ocrx_word' id='word_1_219' title='bbox 144 3549 242 3618; x_wconf 82' lang='lat' dir='ltr'>factus</span> <span class='ocrx_word' id='word_1_220' title='bbox 259 3577 281 3618; x_wconf 90' lang='lat' dir='ltr'>a</span> <span class='ocrx_word' id='word_1_221' title='bbox 298 3551 437 3619; x_wconf 87' lang='lat' dir='ltr'>Saburra</span> <span class='ocrx_word' id='word_1_222' title='bbox 454 3556 493 3619; x_wconf 90' lang='lat' dir='ltr'>de</span> <span class='ocrx_word' id='word_1_223' title='bbox 509 3564 661 3619; x_wconf 90' lang='lat' dir='ltr'>nocturno</span> <span class='ocrx_word' id='word_1_224' title='bbox 677 3554 795 3640; x_wconf 91' lang='lat' dir='ltr'>proelio</span> <span class='ocrx_word' id='word_1_225' title='bbox 811 3554 848 3618; x_wconf 91' lang='grc' dir='ltr'>Π</span> <span class='ocrx_word' id='word_1_226' title='bbox 864 3554 951 3618; x_wconf 90' lang='lat' dir='ltr'>milia</span> <span class='ocrx_word' id='word_1_227' title='bbox 968 3552 1087 3637; x_wconf 84' lang='lat' dir='ltr'>Hispa-</span> 
     </span>
     <span class='ocr_line' id='line_1_31' title="bbox 92 3644 1086 3742; baseline -0.001 -30"><span class='ocrx_word' id='word_1_228' title='bbox 92 3655 175 3742; x_wconf 62' lang='lat' dir='ltr'>sspmm</span> <span class='ocrx_word' id='word_1_229' title='bbox 195 3656 227 3712; x_wconf 86' lang='lat' dir='ltr'>et</span> <span class='ocrx_word' id='word_1_230' title='bbox 245 3644 409 3713; x_wconf 89' lang='lat' dir='ltr'>Gallorum</span> <span class='ocrx_word' id='word_1_231' title='bbox 430 3649 585 3732; x_wconf 90' lang='lat' dir='ltr'>equitum,</span> <span class='ocrx_word' id='word_1_232' title='bbox 612 3670 693 3731; x_wconf 88' lang='lat' dir='ltr'>quos</span> <span class='ocrx_word' id='word_1_233' title='bbox 715 3671 790 3713; x_wconf 90' lang='lat' dir='ltr'>suae</span> <span class='ocrx_word' id='word_1_234' title='bbox 812 3647 971 3713; x_wconf 85' lang='lat' dir='ltr'>custodiae</span> <span class='ocrx_word' id='word_1_235' title='bbox 989 3669 1086 3712; x_wconf 87' lang='lat' dir='ltr'>causa</span> 
     </span>
     <span class='ocr_line' id='line_1_32' title="bbox 94 3740 1087 3827; baseline -0.003 -22"><span class='ocrx_word' id='word_1_236' title='bbox 94 3746 182 3804; x_wconf 62' lang='lat' dir='ltr'>Qum</span> <span class='ocrx_word' id='word_1_237' title='bbox 200 3762 234 3806; x_wconf 91' lang='lat' dir='ltr'>se</span> <span class='ocrx_word' id='word_1_238' title='bbox 251 3740 368 3806; x_wconf 87' lang='lat' dir='ltr'>habere</span> <span class='ocrx_word' id='word_1_239' title='bbox 386 3753 564 3819; x_wconf 90' lang='lat' dir='ltr'>consuerat,</span> <span class='ocrx_word' id='word_1_240' title='bbox 588 3752 619 3807; x_wconf 88' lang='lat' dir='ltr'>et</span> <span class='ocrx_word' id='word_1_241' title='bbox 635 3742 775 3827; x_wconf 87' lang='lat' dir='ltr'>peditum</span> <span class='ocrx_word' id='word_1_242' title='bbox 793 3764 862 3807; x_wconf 88' lang='lat' dir='ltr'>eam</span> <span class='ocrx_word' id='word_1_243' title='bbox 878 3751 1013 3826; x_wconf 88' lang='lat' dir='ltr'>partem,</span> <span class='ocrx_word' id='word_1_244' title='bbox 1036 3740 1087 3804; x_wconf 91' lang='lat' dir='ltr'>eui</span> 
     </span>
     <span class='ocr_line' id='line_1_33' title="bbox 94 3829 1086 3920; baseline -0.002 -21"><span class='ocrx_word' id='word_1_245' title='bbox 94 3829 198 3899; x_wconf 61' lang='lat' dir='ltr'>mxime</span> <span class='ocrx_word' id='word_1_246' title='bbox 215 3834 401 3913; x_wconf 89' lang='lat' dir='ltr'>confidebat,</span> <span class='ocrx_word' id='word_1_247' title='bbox 422 3834 578 3901; x_wconf 86' lang='lat' dir='ltr'>Saburrae</span> <span class='ocrx_word' id='word_1_248' title='bbox 596 3836 767 3911; x_wconf 84' lang='lat' dir='ltr'>summisit3</span> <span class='ocrx_word' id='word_1_249' title='bbox 785 3835 852 3920; x_wconf 89' lang='lat' dir='ltr'>ipse</span> <span class='ocrx_word' id='word_1_250' title='bbox 870 3857 942 3900; x_wconf 90' lang='lat' dir='ltr'>curn</span> <span class='ocrx_word' id='word_1_251' title='bbox 959 3834 1086 3916; x_wconf 87' lang='lat' dir='ltr'>reliquis</span> 
     </span>
     <span class='ocr_line' id='line_1_34' title="bbox 95 3922 1086 4015; baseline -0.002 -22"><span class='ocrx_word' id='word_1_252' title='bbox 95 3922 165 4004; x_wconf 50' lang='lat' dir='ltr'>lulla</span> <span class='ocrx_word' id='word_1_253' title='bbox 179 3928 415 4015; x_wconf 89' lang='lat' dir='ltr'>elephantisque</span> <span class='ocrx_word' id='word_1_254' title='bbox 432 3929 501 3994; x_wconf 88' lang='lat' dir='ltr'>LX</span> <span class='ocrx_word' id='word_1_255' title='bbox 519 3930 632 3995; x_wconf 91' lang='lat' dir='ltr'>lentius</span> <span class='ocrx_word' id='word_1_256' title='bbox 656 3930 865 4014; x_wconf 91' lang='lat' dir='ltr'>subsequitur.</span> <span class='ocrx_word' id='word_1_257' title='bbox 910 3929 1086 4014; x_wconf 90' lang='lat' dir='ltr'>suspicatus</span> 
     </span>
     <span class='ocr_line' id='line_1_35' title="bbox 94 4021 1087 4109; baseline -0.003 -20"><span class='ocrx_word' id='word_1_258' title='bbox 94 4021 242 4089; x_wconf 61' lang='grc' dir='ltr'>Μηδία</span> <span class='ocrx_word' id='word_1_259' title='bbox 256 4023 413 4107; x_wconf 88' lang='lat' dir='ltr'>equitibus</span> <span class='ocrx_word' id='word_1_260' title='bbox 426 4024 531 4109; x_wconf 91' lang='lat' dir='ltr'>ipsum</span> <span class='ocrx_word' id='word_1_261' title='bbox 544 4025 641 4089; x_wconf 86' lang='lat' dir='ltr'>affore</span> <span class='ocrx_word' id='word_1_262' title='bbox 651 4023 819 4089; x_wconf 88' lang='lat' dir='ltr'>Curionem</span> <span class='ocrx_word' id='word_1_263' title='bbox 830 4022 969 4089; x_wconf 87' lang='lat' dir='ltr'>Saburra</span> <span class='ocrx_word' id='word_1_264' title='bbox 981 4021 1087 4108; x_wconf 88' lang='lat' dir='ltr'>copias</span> 
     </span>
     <span class='ocr_line' id='line_1_36' title="bbox 95 4109 1088 4203; baseline -0.003 -18"><span class='ocrx_word' id='word_1_265' title='bbox 95 4109 203 4185; x_wconf 60' lang='lat' dir='ltr'>equitum</span> <span class='ocrx_word' id='word_1_266' title='bbox 223 4117 427 4203; x_wconf 90' lang='lat' dir='ltr'>peditumque</span> <span class='ocrx_word' id='word_1_267' title='bbox 448 4118 573 4183; x_wconf 89' lang='lat' dir='ltr'>instruit</span> <span class='ocrx_word' id='word_1_268' title='bbox 590 4128 683 4201; x_wconf 90' lang='lat' dir='ltr'>atque</span> <span class='ocrx_word' id='word_1_269' title='bbox 701 4118 749 4183; x_wconf 91' lang='lat' dir='ltr'>his</span> <span class='ocrx_word' id='word_1_270' title='bbox 771 4119 916 4203; x_wconf 90' lang='lat' dir='ltr'>imperat,</span> <span class='ocrx_word' id='word_1_271' title='bbox 939 4126 974 4181; x_wconf 89' lang='lat' dir='ltr'>ut</span> <span class='ocrx_word' id='word_1_272' title='bbox 992 4117 1088 4182; x_wconf 90' lang='lat' dir='ltr'>simu-</span> 
     </span>
     <span class='ocr_line' id='line_1_37' title="bbox 94 4188 1086 4298; baseline 0.001 -24"><span class='ocrx_word' id='word_1_273' title='bbox 94 4188 179 4274; x_wconf 63' lang='lat' dir='ltr'>lebam</span> <span class='ocrx_word' id='word_1_274' title='bbox 199 4211 319 4278; x_wconf 88' lang='lat' dir='ltr'>timoris</span> <span class='ocrx_word' id='word_1_275' title='bbox 341 4212 491 4298; x_wconf 90' lang='lat' dir='ltr'>paulatim</span> <span class='ocrx_word' id='word_1_276' title='bbox 514 4212 625 4276; x_wconf 88' lang='lat' dir='ltr'>cedant</span> <span class='ocrx_word' id='word_1_277' title='bbox 643 4234 680 4276; x_wconf 89' lang='lat' dir='ltr'>ae</span> <span class='ocrx_word' id='word_1_278' title='bbox 697 4213 809 4297; x_wconf 91' lang='lat' dir='ltr'>pedem</span> <span class='ocrx_word' id='word_1_279' title='bbox 830 4211 979 4276; x_wconf 86' lang='lat' dir='ltr'>referant:</span> <span class='ocrx_word' id='word_1_280' title='bbox 1006 4233 1086 4289; x_wconf 91' lang='lat' dir='ltr'>sese,</span> 
     </span>
     <span class='ocr_line' id='line_1_38' title="bbox 95 4304 1088 4392; baseline 0.003 -26"><span class='ocrx_word' id='word_1_281' title='bbox 95 4304 146 4361; x_wconf 61' lang='lat' dir='ltr'>“tm</span> <span class='ocrx_word' id='word_1_282' title='bbox 155 4323 227 4389; x_wconf 86' lang='lat' dir='ltr'>opus</span> <span class='ocrx_word' id='word_1_283' title='bbox 240 4315 335 4385; x_wconf 78' lang='lat' dir='ltr'>esset,</span> <span class='ocrx_word' id='word_1_284' title='bbox 349 4306 474 4392; x_wconf 90' lang='lat' dir='ltr'>signum</span> <span class='ocrx_word' id='word_1_285' title='bbox 486 4306 596 4391; x_wconf 88' lang='lat' dir='ltr'>proelii</span> <span class='ocrx_word' id='word_1_286' title='bbox 604 4307 749 4371; x_wconf 87' lang='lat' dir='ltr'>daturum</span> <span class='ocrx_word' id='word_1_287' title='bbox 762 4317 793 4370; x_wconf 91' lang='lat' dir='ltr'>et</span> <span class='ocrx_word' id='word_1_288' title='bbox 805 4306 890 4389; x_wconf 90' lang='lat' dir='ltr'>quod</span> <span class='ocrx_word' id='word_1_289' title='bbox 903 4329 968 4371; x_wconf 90' lang='lat' dir='ltr'>rem</span> <span class='ocrx_word' id='word_1_290' title='bbox 981 4317 1088 4392; x_wconf 92' lang='lat' dir='ltr'>postu-</span> 
     </span>
     <span class='ocr_line' id='line_1_39' title="bbox 152 4399 1086 4485; baseline 0 -22"><span class='ocrx_word' id='word_1_291' title='bbox 152 4399 345 4485; x_wconf 82' lang='lat' dir='ltr'>tognovisset</span> <span class='ocrx_word' id='word_1_292' title='bbox 361 4400 593 4485; x_wconf 86' lang='lat' dir='ltr'>imperaturum.</span> <span class='ocrx_word' id='word_1_293' title='bbox 621 4399 718 4466; x_wconf 88' lang='lat' dir='ltr'>Curio</span> <span class='ocrx_word' id='word_1_294' title='bbox 736 4399 777 4464; x_wconf 89' lang='lat' dir='ltr'>ad</span> <span class='ocrx_word' id='word_1_295' title='bbox 794 4400 985 4485; x_wconf 88' lang='lat' dir='ltr'>superiorem</span> <span class='ocrx_word' id='word_1_296' title='bbox 998 4423 1086 4485; x_wconf 89' lang='lat' dir='ltr'>spem</span> 
     </span>
     <span class='ocr_line' id='line_1_40' title="bbox 95 4475 1086 4580; baseline 0.004 -26"><span class='ocrx_word' id='word_1_297' title='bbox 95 4475 172 4554; x_wconf 66' lang='lat' dir='ltr'>“illita</span> <span class='ocrx_word' id='word_1_298' title='bbox 182 4494 353 4578; x_wconf 88' lang='lat' dir='ltr'>praesentis</span> <span class='ocrx_word' id='word_1_299' title='bbox 367 4494 514 4579; x_wconf 83' lang='lat' dir='ltr'>temporis</span> <span class='ocrx_word' id='word_1_300' title='bbox 527 4495 670 4580; x_wconf 91' lang='lat' dir='ltr'>opinione</span> <span class='ocrx_word' id='word_1_301' title='bbox 680 4495 785 4559; x_wconf 88' lang='lat' dir='ltr'>hostes</span> <span class='ocrx_word' id='word_1_302' title='bbox 800 4494 908 4580; x_wconf 84' lang='lat' dir='ltr'>fugere</span> <span class='ocrx_word' id='word_1_303' title='bbox 921 4493 1086 4560; x_wconf 87' lang='lat' dir='ltr'>arbitratus</span> 
     </span>
     <span class='ocr_line' id='line_1_41' title="bbox 95 4578 1137 4675; baseline -0.001 -17"><span class='ocrx_word' id='word_1_304' title='bbox 95 4578 173 4658; x_wconf 68' lang='lat' dir='ltr'>0⁰l52⁸</span> <span class='ocrx_word' id='word_1_305' title='bbox 189 4610 227 4654; x_wconf 85' lang='lat' dir='ltr'>ex</span> <span class='ocrx_word' id='word_1_306' title='bbox 243 4589 322 4654; x_wconf 88' lang='lat' dir='ltr'>locis</span> <span class='ocrx_word' id='word_1_307' title='bbox 341 4588 552 4675; x_wconf 89' lang='lat' dir='ltr'>superioribus</span> <span class='ocrx_word' id='word_1_308' title='bbox 570 4589 603 4652; x_wconf 93' lang='lat' dir='ltr'>in</span> <span class='ocrx_word' id='word_1_309' title='bbox 620 4612 766 4674; x_wconf 87' lang='lat' dir='ltr'>campum</span> <span class='ocrx_word' id='word_1_310' title='bbox 784 4588 878 4654; x_wconf 86' lang='lat' dir='ltr'>ducit.</span> <span class='ocrx_word' id='word_1_311' title='bbox 914 4588 1028 4673; x_wconf 90' lang='lat' dir='ltr'>quibus</span> <span class='ocrx_word' id='word_1_312' title='bbox 1046 4610 1086 4653; x_wconf 83' lang='lat' dir='ltr'>ex</span> <span class='ocrx_word' id='word_1_313' title='bbox 1104 4608 1137 4657; x_wconf 77' lang='grc' dir='ltr'>ιι</span> 
     </span>
    </p>
   </div>
   <div class='ocr_carea' id='block_1_3' title="bbox 0 0 1366 5206">
    <p class='ocr_par' dir='ltr' id='par_1_3' title="bbox 0 0 1366 5206">
     <span class='ocr_line' id='line_1_42' title="bbox 0 0 1366 5206; baseline 0 0"><span class='ocrx_word' id='word_1_314' title='bbox 0 0 1366 5206; x_wconf 95' lang='lat' dir='ltr'> </span> 
     </span>
    </p>
   </div>
  </div>
 </body>
</html>
