2738 5272
244 688 307 754 338
594 699 711 753 BELLI
728 698 913 757 AFIthANl

242 824 299 888 has
321 846 432 889 causas
456 822 516 889 sibi
539 822 675 888 timebat.
720 823 771 887 hic
793 833 919 908 propter
941 824 1190 891 conscientiam
1217 847 1281 912 pee-

242 928 380 982 catorum
398 940 525 981 suonam
544 917 698 1001 persuasit
715 916 975 994 adolescentibus,
995 940 1042 983 ne
1061 932 1279 1005 repugnarent

241 1033 372 1095 seseque
390 1008 530 1096 Vergilio
548 1011 712 1074 traderent.
756 1010 861 1093 itaque
878 1010 1007 1075 deducti
1032 1035 1054 1075 a
1072 1010 1231 1099 Vergilio
1245 1012 1280 1077 ad

242 1102 420 1189 Scipionem
446 1104 626 1169 custodibus
654 1115 726 1169 sunt
751 1104 854 1167 traditi
881 1116 912 1169 et
937 1115 1013 1188 post
1036 1105 1133 1169 diem
1159 1108 1278 1172 tertium

240 1197 403 1263 interfecti.
447 1198 501 1280 qui
518 1220 590 1261 cum
607 1198 793 1262 ducerentur
809 1196 851 1261 ad
868 1219 991 1273 necem,
1016 1198 1153 1282 petisse
1172 1200 1279 1266 dicitnr

241 1293 339 1357 maior
351 1292 453 1355 Titius
471 1315 490 1355 a
508 1291 748 1367 centurionibus,
766 1291 813 1355 uti
830 1313 864 1355 se
878 1290 1015 1376 priorem
1030 1314 1140 1375 quarn
1154 1295 1277 1359 franca

240 1385 454 1461 interficerent,
473 1384 567 1467 idque
585 1384 624 1449 ab
643 1385 688 1449 eis
706 1384 798 1448 facile
815 1385 1011 1469 impetrasse,
1031 1396 1140 1469 atque
1155 1388 1203 1453 ita
1215 1410 1277 1453 esse

190 1501 221 1548 29
241 1480 428 1544 interfectos.
473 1488 592 1543 turmae
613 1479 736 1543 interim
757 1479 910 1561 equitum,
937 1500 1020 1561 quae
1046 1501 1111 1564 pro
1137 1482 1277 1548 valloin

242 1573 429 1638 stationibus
457 1594 527 1637 esse
555 1572 696 1637 solebant
720 1570 774 1658 [ab
798 1573 937 1654 utrisque
959 1572 1140 1660 ducibus],
1170 1575 1278 1639 cotidie

241 1667 368 1731 minutis
386 1666 510 1751 proeliis
528 1666 607 1730 inter
625 1689 658 1731 se
677 1666 856 1750 depugnare
870 1687 931 1729 non
945 1665 1189 1746 intermittunt3
1207 1692 1278 1733 non·

240 1782 410 1843 numquam
431 1761 524 1823 etiam
543 1757 692 1825 Germani
711 1757 858 1842 Gallique
875 1757 1067 1823 Labieniani
1092 1783 1179 1825 eum
1202 1762 1277 1827 Cae-

240 1855 318 1919 saris
337 1852 493 1937 eqnitibns
510 1851 572 1917 fide
590 1854 664 1918 data
680 1854 761 1918 inter
778 1875 813 1917 se
835 1851 1111 1934 colloquebantur.
1163 1855 1277 1921 Labie-

239 1970 298 2011 nus
324 1948 446 2011 interim
473 1968 542 2010 cnm
571 1958 658 2031 parte
684 1947 840 2030 equitatus
863 1945 990 2029 Leptim
1016 1948 1205 2032 oppidum,
1231 1949 1275 2013 eui

238 2054 378 2126 praeerat
403 2040 538 2105 Saserna
564 2061 636 2103 eum
663 2040 842 2104 cohortibus
866 2039 928 2116 Vt,
955 2060 1157 2125 oppugnare
1185 2042 1275 2109 aeti

239 2135 407 2218 irrumpere
425 2132 608 2211 conabatur3
631 2136 714 2216 quod
733 2134 772 2197 ab
791 2131 1007 2198 defensoribus
1031 2148 1175 2220 propter
1192 2158 1276 2225 egre

238 2230 323 2315 giam
340 2228 541 2292 munitionem
559 2229 666 2314 oppidi
684 2240 715 2292 et
732 2228 961 2292 multitudinem
975 2237 1222 2296 tormentorum
1233 2231 1276 2295 fa·

239 2323 345 2386 cile‘ct
363 2322 430 2386 sine
447 2322 584 2406 periculo
602 2321 835 2386 defendebatur.
875 2322 958 2404 quod
977 2320 1031 2386 ubi
1052 2325 1194 2409 saepius
1212 2327 1274 2389 eius

239 2417 392 2499 equitatus
411 2417 512 2480 facere
531 2439 593 2479 non
611 2416 842 2492 intermittebat,
861 2438 933 2479 cum
951 2415 1029 2478 sorte
1050 2427 1131 2480 ante
1151 2432 1273 2503 portam

238 2521 339 2574 turma
361 2510 457 2573 densa
480 2510 642 2587 astitisset,
671 2510 832 2594 scorpione
855 2509 1028 2573 accuratius
1052 2510 1164 2575 misso
1184 2527 1274 2596 atque

238 2627 344 2667 eorum
363 2603 528 2668 decurione
545 2626 694 2689 percusso
712 2602 799 2667 etad
818 2624 932 2685 equum
951 2602 1055 2665 defixo
1070 2602 1196 2688 reliqui
1209 2629 1275 2692 per·

188 2718 219 2763 ao
239 2697 333 2761 territi
351 2698 429 2783 suga
447 2721 480 2761 se
498 2698 530 2761 in
548 2710 650 2762 castra
666 2697 827 2781 recipiunt.
872 2718 934 2779 quo
952 2698 1035 2759 laeto
1060 2709 1186 2779 postca
1206 2712 1271 2763 sunt

238 2792 373 2855 deterriti
396 2792 545 2876 oppidum
568 2802 729 2875 temptare.
775 2789 882 2874 Scipio
904 2790 1025 2853 interim
1053 2790 1126 2854 l'ere
1158 2794 1273 2857 cotidie

237 2909 299 2949 non
316 2886 409 2970 longe
427 2909 446 2948 a
465 2885 529 2948 suis
549 2885 673 2961 castris,
696 2882 842 2968 passibus
863 2882 966 2959 CCC,
988 2883 1153 2949 instrucre
1174 2888 1272 2951 aciem

237 3001 274 3042 ac
291 2979 406 3042 maiore
429 2989 515 3062 parte
538 2978 599 3041 diei
618 2990 802 3061 consumpta
823 3000 931 3041 rursus
954 2977 984 3039 in
1008 2991 1118 3042 castra
1138 3002 1179 3043 se
1199 2981 1274 3045 reci·

236 3094 318 3157 perc.
355 3073 526 3154 quodcum
546 3072 670 3155 saepius
689 3072 784 3146 fieret,
805 3093 905 3153 neque
924 3093 962 3133 ex
981 3069 1136 3135 Caesaris
1159 3074 1273 3139 castris

237 3165 401 3246 quisquam
422 3166 558 3250 prodiret
579 3187 679 3246 neque
705 3165 833 3249 propius
860 3165 926 3227 eius
954 3163 1059 3247 copias
1090 3168 1272 3241 accederet,

236 3258 383 3341 despecta
399 3258 545 3342 patientia
565 3257 710 3321 Caesaris
734 3258 949 3339 exercitusque
972 3257 1039 3319 eius
1060 3253 1185 3345 [luba]
1207 3260 1274 3325 uni·

237 3351 335 3414 versis
354 3351 450 3435 copiis
473 3350 642 3435 productus
666 3350 900 3435 elephantisque
924 3349 1039 3413 turritis
1057 3349 1183 3417 XXX
1203 3372 1273 3419 ante

236 3445 334 3509 aciem
356 3445 513 3508 instructis
535 3467 629 3526 quam
651 3445 802 3509 latissime
829 3444 929 3528 potuit
951 3455 1096 3528 porrecta
1124 3449 1273 3530 equitnm

235 3541 435 3625 peditumque
454 3540 649 3603 multitudine
667 3563 730 3604 uno
749 3553 887 3624 tempore
909 3561 1098 3625 progressus
1118 3541 1214 3609 haud
1232 3545 1273 3609 ita

185 3655 213 3700 31
235 3634 328 3719 longe
346 3657 365 3697 a
383 3632 528 3698 Caesaris
547 3634 657 3698 eastris
676 3634 812 3697 constitit
831 3634 861 3696 in
880 3656 1000 3718 campo.
1029 3632 1151 3716 quibus
1173 3637 1272 3703 rebus

235 3728 367 3813 cognitis
387 3726 505 3791 Caesar
526 3726 611 3790 iubet
636 3727 764 3803 milites,
792 3728 845 3809 qui
869 3739 954 3790 extra
978 3727 1175 3794 munitiones
1201 3754 1274 3817 pro-

235 3830 392 3884 cesserant
405 3819 574 3903 pabulandi
587 3833 641 3883 rant
654 3820 793 3906 lignandi
809 3820 963 3884 autetiam
974 3820 1139 3885 muniendi
1153 3826 1270 3909 gratia.

235 3915 349 3996 quique
368 3913 482 3976 vallum
500 3914 651 3997 petierant
669 3937 811 3998 quaeque
830 3914 870 3978 ad
888 3936 957 3978 eam
975 3936 1041 3976 rem
1060 3935 1146 3997 opus
1166 3932 1269 3985 erant.

234 4029 342 4071 omnes
356 4007 436 4070 intra
444 4007 630 4072 munitiones
646 4009 819 4072 minutatim
832 4009 1033 4089 modesteque
1043 4006 1114 4070 sine
1128 4012 1270 4074 tumultu

235 4111 288 4163 aut
305 4113 419 4164 terrore
438 4123 471 4164 se
486 4102 622 4186 recipere
636 4114 729 4183 atque
743 4103 774 4164 in
789 4125 880 4185 opere
895 4102 1073 4165 consistere.
1103 4104 1270 4184 equitibus

234 4203 352 4270 autem,
371 4194 474 4276 quiin
493 4197 624 4259 statione
643 4198 779 4269 fueram,
798 4195 961 4278 praecipit,
986 4208 1018 4257 ut
1038 4216 1143 4276 usqne
1162 4220 1205 4261 eo
1223 4198 1269 4262 lo-

235 4308 305 4349 cum
324 4286 507 4365 obtinerent,
526 4289 556 4352 in
576 4311 637 4371 quo
655 4288 748 4371 paulo
767 4300 837 4351 ante
856 4288 1079 4363 constitissent,
1100 4289 1211 4355 donec
1229 4290 1269 4356 ab

234 4379 324 4442 hoste
342 4379 472 4444 missum
491 4381 586 4445 telum
604 4382 644 4445 ad
663 4404 696 4445 se
714 4381 902 4465 perveniret3
922 4381 1005 4464 quod
1024 4381 1049 4443 si
1064 4383 1201 4467 propius
1217 4408 1269 4449 ae·

235 4472 407 4549 cederetur,
435 4497 528 4557 qnam
555 4475 774 4540 honestissime
801 4497 835 4539 se
861 4474 942 4538 intra
967 4474 1160 4540 munitiones
1185 4479 1268 4542 reci·

1311 4566 1318 4664 l
