2692 5206
440 773 557 831 COMM.
575 775 640 829 1111.
659 774 776 830 14-17.
1074 762 1112 828 61

84 917 286 986 receperunt.
331 898 450 964 Caesar
466 898 520 976 iis,
539 920 617 983 quos
636 898 794 963 incastris
812 899 992 978 retinuerat,
1015 901 1115 966 disce-

84 994 187 1060 dendi
208 1003 396 1079 potestatem
417 992 501 1057 fecit.
550 993 594 1056 illi
622 993 775 1078 supplicia
801 994 1015 1079 cruciatusque
1039 993 1115 1061 Gal-

84 1088 194 1154 lorum
210 1088 311 1164 veriti,
329 1109 462 1171 quorum
479 1110 572 1173 agros
590 1098 788 1165 vexaverant,
806 1110 965 1154 remanere
983 1111 1017 1154 se
1031 1091 1114 1175 apud

86 1204 164 1247 euru
181 1182 264 1247 velle
281 1183 435 1247 dixerunt.
480 1182 529 1246 his
548 1180 667 1247 Cacsar
683 1181 859 1247 libertatem
877 1184 1040 1248 concessit.

156 1274 347 1342 Germanico
363 1275 447 1340 bello
465 1275 607 1341 confecto
625 1275 731 1339 multis
750 1275 906 1340 decausis
921 1275 1114 1342 Caesarsta-
1133 1298 1163 1347 13

87 1371 150 1435 tuit
180 1369 242 1435 sibi
266 1369 413 1434 Rhenum
443 1390 514 1434 esse
545 1370 783 1447 transeundum3
819 1391 950 1454 quarum
975 1370 1029 1435 illa
1054 1371 1113 1435 fuit

87 1464 278 1541 iustissima,
302 1464 400 1548 quod,
423 1486 494 1528 cum
512 1464 630 1527 uideret
658 1459 833 1528 Germanos
858 1474 922 1527 tam
943 1463 1034 1528 facile
1056 1464 1114 1528 im-

86 1557 174 1643 pelli,
194 1567 229 1621 ut
241 1558 274 1620 in
288 1555 425 1623 Galliam
439 1558 588 1635 venirent,
608 1558 672 1621 suis
687 1579 813 1641 quoque
830 1557 924 1623 rebus
938 1579 992 1622 eos
1006 1558 1113 1623 timere

90 1651 203 1729 voluit,
231 1674 304 1716 eum
325 1651 540 1737 intellegerent
562 1661 594 1716 et
614 1673 709 1736 posse
732 1662 763 1715 et
784 1650 899 1716 audere
919 1651 1029 1736 populi
1048 1651 1114 1717 Ro-
1145 1649 1148 1654 ’

89 1745 175 1810 mani
196 1745 368 1809 exercitum
388 1744 535 1810 Rhenum
557 1746 697 1810 transire.
742 1746 873 1810 accessit
896 1745 1003 1823 etiam,
1029 1747 1113 1829 quod

90 1838 143 1903 illa
158 1861 234 1925 pars
253 1839 409 1922 equitatus
424 1839 592 1924 Usipetum
610 1850 641 1904 et
654 1839 888 1917 Tencterorum,
906 1859 1002 1923 quam
1020 1862 1114 1925 supra

90 1933 334 1998 commemoravi
361 1935 533 2019 praedandi
563 1934 834 2019 frumentandique
866 1957 962 2000 causa
986 1934 1113 2001 Mosam

93 2028 241 2093 transisse
258 2049 359 2111 neque
376 2028 493 2113 proelio
510 2028 698 2106 interfuisse,
716 2040 789 2114 post
806 2029 916 2115 fugam
934 2052 1061 2094 suorum
1078 2051 1113 2095 se

93 2132 175 2187 huus
188 2120 336 2186 Rhenum
352 2123 385 2186 in
402 2123 481 2186 fines
497 2121 745 2208 Sugambrorum
758 2134 917 2209 receperat
930 2145 1027 2207 seque
1040 2146 1112 2189 cum

96 2214 129 2279 iis
149 2216 362 2281 coniunxerat.
414 2217 456 2280 ad
476 2239 556 2300 quos
579 2239 649 2281 eum
673 2215 792 2283 Caesar
811 2218 938 2283 nuntios
964 2219 1110 2295 misisset,

97 2309 144 2391 qui
159 2309 366 2395 postularent,
394 2332 462 2388 eos,
489 2311 545 2394 qui
566 2310 626 2376 sibi
645 2308 828 2395 Galliaeque
850 2312 968 2377 bellurn
989 2312 1112 2376 intulis-

101 2414 173 2480 sent,
199 2403 260 2469 sibi
278 2404 441 2482 dederent,
467 2405 709 2490 responderunt:
737 2406 844 2491 populi
861 2406 996 2471 Romani
1013 2406 1111 2492 impe-

103 2494 172 2561 rium
192 2497 341 2563 Rhenum
361 2498 464 2562 finire:
491 2499 519 2563 si
546 2521 580 2563 se
601 2499 698 2564 invito
722 2497 897 2565 Germanos
920 2499 952 2562 in
975 2497 1109 2565 Galliam

106 2591 220 2656 transire
236 2615 301 2657 non
322 2614 457 2676 aequum
475 2593 679 2669 existimaret,
708 2616 763 2658 eur
785 2594 833 2658 sui
855 2593 1021 2675 quiequam
1040 2614 1151 2690 esses

109 2681 209 2768 inperii
226 2696 281 2750 aut
298 2687 460 2771 potestatis
478 2701 562 2751 trans
580 2687 726 2752 Rhenum
744 2686 935 2771 postularet?
961 2685 1038 2749 Ubii
1056 2708 1110 2749 au-

112 2784 173 2855 teur,
194 2781 246 2864 qui
264 2782 319 2845 uni
337 2804 377 2845 cx
394 2781 643 2846 Transrhenanis
662 2782 701 2844 ad
721 2779 890 2845 Caesarem
911 2779 1031 2865 legatos
1054 2779 1111 2842 mi-

116 2884 207 2951 unu,
229 2875 397 2940 amicitiam
415 2875 568 2951 fecerant,
591 2874 717 2939 obsides
735 2875 898 2950 dederant,
922 2895 1111 2959 magnopere

117 2964 232 3048 nubant,
250 2981 286 3034 ut
303 2970 363 3035 sibi
381 2971 530 3035 auxilium
548 2970 657 3047 ferret,
681 2969 766 3053 quod
783 2970 919 3056 graviter
936 2968 976 3033 ab
996 2966 1110 3034 Suebis

119 3075 314 3143 {tenetentum
329 3065 406 3141 'vel,
433 3065 460 3129 si
478 3065 511 3129 id
528 3064 632 3129 facere
650 3064 905 3149 occupationibus
923 3062 1110 3149 reipublicae

120 3152 316 3236 prohiberetur,
345 3160 514 3224 exereitum
536 3159 630 3224 modo
648 3158 795 3223 Rhenum
817 3167 1051 3244 transportaret:
1077 3157 1111 3220 id

122 3241 164 3308 sibi
175 3252 209 3315 ul
224 3254 375 3318 auxilium
393 3275 543 3339 spemque
561 3254 672 3337 reliqui
695 3253 842 3338 temporis
866 3254 941 3318 satis
960 3252 1109 3317 futurum.

123 3342 211 3441 lffsslum
226 3369 296 3412 esse
314 3370 428 3412 nornen
446 3358 538 3431 atque
560 3349 737 3443 opipionem
756 3348 823 3412 eius
846 3347 999 3412 exercitus
1017 3346 1110 3411 Ario·

123 3442 179 3498 ‘1⁸10
194 3440 283 3523 pulso
306 3441 414 3506 etheo
431 3441 603 3506 novissimo
624 3442 743 3526 proelio
765 3441 848 3506 facto
867 3442 959 3506 etiam
982 3442 1022 3505 ad
1039 3440 1110 3504 ulti-

123 3539 169 3589 ΠΜ
179 3528 400 3599 Germanorum
417 3535 569 3613 nationes,
588 3535 633 3598 uti
651 3536 797 3620 opinione
810 3546 841 3600 et
854 3535 990 3599 amicitia
1002 3533 1110 3618 populi

123 3609 222 3692 Romani
243 3629 303 3693 tuti
326 3652 395 3693 esse
417 3630 548 3714 possint.
597 3630 724 3693 navium
747 3653 895 3716 magnam
921 3629 1043 3713 copiam
1069 3628 1109 3691 ad

122 3714 361 3805 asportandum
384 3724 554 3788 exercitum
575 3723 808 3808 pollicebantur.
858 3722 978 3789 Caesar
998 3721 1047 3786 his
1069 3686 1157 3787 d(17

122 3812 207 3893 aas,
228 3840 307 3902 quas
326 3819 579 3896 commemoravi,
602 3818 749 3882 Rhenum
767 3818 897 3884 transire
915 3818 1108 3891 decreuerat3

122 3898 160 3963 ⁸⁰11
171 3910 293 3977 navibus
312 3914 443 3978 transire
460 3935 563 3997 neque
587 3914 662 3978 satis
682 3924 785 3977 tutum
804 3935 874 3979 esse
892 3910 1107 3986 arbitrabatur,

120 4010 193 4093 {tuque
208 4029 281 4071 suae
298 4028 400 4091 neque
418 4007 524 4092 populi
537 4008 672 4073 Romani
686 4008 845 4094 dignitatis
860 4029 930 4072 esse
944 4004 1107 4071 statuebat.

120 4094 207 4175 ¹thue,
232 4100 292 4164 etsi
312 4123 434 4165 summa
450 4102 618 4166 difficultas
637 4101 773 4166 faciendi
793 4101 897 4186 pontis
915 4098 1109 4185 proponeba-

120 4183 285 4287 tufttropter
310 4194 519 4272 latitudinem,
546 4196 743 4280 rapiditatem
770 4196 1025 4278 altitudinemque
1050 4195 1109 4259 fiu-

118 4280 197 4362 uuis,
220 4298 326 4353 tamen
347 4289 379 4352 id
398 4289 457 4353 sibi
480 4290 729 4354 contendendum
747 4301 801 4361 aut
823 4289 911 4353 aliter
928 4311 991 4353 non
1008 4299 1108 4353 trans-

117 4362 263 4472 luendum
286 4383 456 4447 exereitum
478 4383 683 4448 existimabat.
729 4383 879 4448 rationem
901 4383 1004 4467 pontis
1027 4382 1108 4447 hane

115 4468 228 4541 mutue
272 4477 360 4564 tigna
376 4476 450 4542 hina
468 4478 710 4563 sesquipedalia,
733 4478 861 4563 paulum
880 4478 919 4543 ab
938 4478 1001 4542 imo
1019 4499 1108 4561 prae-

113 4576 183 4634 ttuta
200 4571 342 4638 dimensa
362 4573 404 4638 ad
425 4573 619 4638 altitudinem
640 4573 777 4639 fluminis
803 4573 965 4638 intervallo
991 4572 1107 4657 pedum
