2738 5272
170 694 233 759 326
520 704 637 759 BELLI
654 703 837 760 AFRICANI

171 827 363 896 cionecogere
373 831 484 895 posset,
503 832 536 879 ut
544 825 573 878 in
583 840 704 895 aequum
713 826 806 880 locum
816 825 1020 893 descenderet,
1037 825 1205 898 Thapsum,

171 903 216 957 cui
224 903 366 973 Vergilius
376 907 520 971 praeerat,
539 900 683 970 profectus
693 900 826 971 oppidum
837 901 1055 957 circummunire
1066 903 1205 959 instituit.

170 978 384 1048 tandemScipio
395 994 521 1048 pugnare
532 985 647 1033 coaetus
657 977 910 1048 gravissimaclads
919 978 1045 1033 afficitur
1055 996 1080 1033 c.
1088 980 1205 1035 79-86.

170 1058 207 1111 ad
218 1056 328 1112 Uticam
337 1056 449 1110 accedit
457 1055 562 1111 Caesar
570 1056 725 1125 urbemque
735 1062 845 1109 mortuo
857 1055 893 1108 ll.
904 1054 1013 1109 Catone
1023 1072 1080 1125 per
1090 1056 1128 1110 L.
1135 1054 1205 1113 Cae·

171 1150 261 1187 sarem
270 1132 386 1204 recipit3
405 1132 513 1187 civibus
522 1132 671 1200 Romanis,
682 1132 730 1202 qui
740 1133 861 1201 pecunia
871 1132 1043 1186 adiuverunt
1050 1132 1168 1188 Varum
1177 1140 1206 1188 et

171 1209 344 1279 Scipionem,
362 1209 484 1264 venditis
498 1210 582 1264 bonis
596 1209 681 1263 vitam
696 1210 829 1263 concedit
841 1225 864 1263 c.
874 1209 985 1263 til-90.
1022 1209 1103 1264 Iuba
1114 1210 1205 1266 Zama

170 1287 240 1341 urbe
258 1287 416 1340 excluditur
434 1302 458 1341 c.
476 1287 585 1341 91-92.
626 1286 777 1340 Considius
794 1287 917 1341 Thisdra
933 1285 1024 1355 fugit,
1049 1286 1205 1359 Vergilias

170 1364 269 1418 victori
280 1382 310 1418 se
321 1364 412 1431 dedit;
430 1364 515 1432 Iuba,
534 1363 676 1433 Petreius,
694 1364 831 1433 Faustus,
849 1363 997 1431 Afranius,
1018 1361 1125 1433 Scipio
1140 1381 1205 1435 per·

170 1448 239 1495 eunt
256 1457 279 1494 e.
296 1441 406 1494 93-96.
442 1439 546 1495 Caesar
563 1440 653 1495 Iubae
670 1456 786 1510 regnum
804 1440 977 1511 provinciam
994 1437 1072 1494 facit
1090 1447 1125 1494 et
1144 1441 1205 1495 Sal·

170 1517 284 1572 lustium
301 1534 353 1587 pro
373 1517 488 1571 consule
507 1516 648 1587 relinquit
684 1516 786 1570 Zamae
805 1523 835 1570 et
852 1517 952 1573 Uticae
971 1516 1053 1571 bona
1072 1517 1204 1572 hostium

169 1594 280 1662 rendit,
303 1593 511 1663 Thapsitanos,
529 1593 764 1660 Adrumcntinos,
786 1592 968 1664 Leptitanos,
988 1593 1205 1650 Thisdritanos

170 1671 280 1725 multat.
324 1670 369 1725 his
390 1672 475 1725 rebus
498 1671 587 1742 gestis
608 1671 637 1724 in
656 1669 814 1724 Sardiniam
837 1670 952 1725 atinde
975 1671 1104 1726 Romam
1128 1672 1206 1728 redit

171 1763 194 1801 c.
208 1748 391 1879 {miiitiae
401 1842 425 1878 a.
436 1841 463 1878 u.
476 1841 499 1879 c.
509 1824 559 1881 707
569 1832 598 1879 et
607 1825 666 1882 708.
680 1840 706 1877 a.
716 1821 780 1876 Chr.
790 1843 816 1877 n.
825 1823 859 1877 47
870 1829 897 1878 et
905 1823 949 1876 46.

579 1959 729 1966 ..——--—-
760 1960 771 1965 ..

138 2071 147 2115 1
234 2048 353 2115 Caesar
368 2048 529 2114 itineribus
552 2049 640 2113 iustis
664 2049 813 2115 confectis
837 2048 921 2113 nullo
938 2048 989 2112 die
1010 2048 1207 2117 intermisso

169 2166 196 2207 a.
215 2143 246 2208 d.
260 2142 367 2207 XIIII
384 2141 445 2206 kal.
460 2142 528 2207 Ian.
541 2143 730 2228 Lilybaeum
748 2144 887 2229 pervenit
905 2141 1079 2224 statimque
1094 2160 1207 2211 osten·

168 2237 214 2300 dit
232 2258 301 2301 sese
319 2258 415 2300 naves
434 2236 513 2302 velle
530 2237 751 2315 conscendere,
770 2260 841 2302 cum
859 2259 922 2301 non
939 2235 1080 2319 amplius
1100 2239 1208 2325 legio-

169 2352 240 2394 nem
254 2330 387 2394 tironum
401 2330 527 2396 haberet
540 2354 644 2408 unam,
659 2332 777 2413 equites
792 2332 845 2394 vix
852 2330 926 2395 DC.
954 2328 1207 2397 tabernaculum

170 2424 340 2489 seeundum
363 2425 435 2489 litus
458 2427 561 2510 ipsum
584 2425 756 2502 constituit,
778 2434 814 2488 ut
830 2446 926 2509 prope
948 2423 1065 2487 fluctus
1087 2427 1208 2492 verbe-

169 2527 259 2582 raret.
294 2517 354 2581 hoc
372 2541 409 2583 eo
427 2519 555 2584 consilio
573 2518 655 2595 fecit,
675 2542 713 2582 nc
732 2519 801 2602 quis
821 2518 880 2582 sibi
898 2538 1001 2581 morae
1019 2519 1206 2602 quiequam

169 2611 235 2676 fore
254 2622 405 2697 speraret,
424 2624 455 2677 et
472 2624 506 2676 ut
524 2635 631 2677 omnes
650 2613 681 2676 in
699 2613 765 2676 dics
783 2612 936 2694 horasque
954 2611 1057 2694 parati
1078 2625 1206 2678 essent.

168 2706 275 2770 incidit
292 2707 397 2790 perid
415 2717 546 2791 tempus,
566 2717 599 2769 ut
618 2716 816 2790 tempestates
835 2705 874 2768 ad
893 2704 1112 2788 aurigandum
1133 2708 1207 2772 ido-

169 2823 243 2864 neas
262 2823 323 2863 non
342 2801 478 2865 haberet.
505 2800 601 2865 nihilo
619 2811 723 2864 tamen
741 2800 843 2863 minus
860 2799 893 2861 in
906 2797 1037 2861 navibus
1054 2801 1205 2886 remiges

168 2893 343 2976 militesque
366 2895 521 2959 continere
543 2905 574 2958 et
595 2894 712 2958 nullam
734 2893 975 2977 praetermittere
993 2894 1206 2959 occasionem

168 2986 380 3069 profectionis:
396 3009 468 3050 cum
481 2988 660 3071 praesertim
671 2986 710 3051 ab
724 2986 832 3050 incolis
842 2986 908 3049 eius
923 2984 1107 3070 provinciae
1118 3011 1206 3052 narn·

167 3079 315 3141 tiarcntur
328 3081 575 3144 adversariorum
591 3081 698 3164 copiae
713 3080 867 3162 equitatus
882 3079 1028 3153 infinitus,
1047 3076 1204 3165 legiones

166 3171 271 3256 regiae
285 3172 364 3247 1111,
384 3173 460 3237 levis
480 3183 653 3237 amnaturae
671 3197 786 3258 magna
799 3174 857 3250 iis,
878 3171 1033 3256 Scipionis
1047 3171 1203 3259 legiones

166 3263 212 3338 X,
232 3263 388 3347 elephanti
403 3265 504 3330 CXX
518 3267 696 3349 classesque
715 3289 784 3331 csse
803 3267 987 3350 complures,
1007 3276 1120 3330 tamen
1134 3291 1202 3333 non

167 3357 379 3421 deterrebatur
395 3359 560 3442 animoque
579 3371 609 3423 et
628 3383 683 3446 spe
705 3359 889 3424 confidebat.
930 3359 1050 3422 interim
1071 3360 1107 3423 in
1128 3363 1202 3426 dies

167 3462 197 3513 et
214 3473 310 3516 naves
327 3451 440 3538 longae
463 3453 624 3539 adaugeri,
648 3466 678 3518 et
700 3455 857 3518 onerariae
880 3452 1053 3536 conrplures
1080 3455 1201 3520 eodem

167 3566 357 3622 concurrere,
377 3557 407 3610 et
423 3547 563 3631 legiones
581 3549 714 3612 tironum
734 3547 906 3623 convenire,
925 3547 957 3609 in
975 3546 1023 3608 his
1042 3557 1204 3614 veterana

133 3655 147 3702 2
165 3637 247 3723 legio
265 3640 381 3720 quinta,
401 3642 539 3724 equitum
557 3642 598 3705 ad
616 3642 651 3705 II
668 3642 761 3704 milia.
792 3640 967 3726 legionibus
986 3638 1130 3705 collectis
1147 3642 1201 3706 VI

166 3744 196 3795 et
214 3734 352 3815 equitum
367 3735 401 3797 11
415 3735 551 3812 milibus,
571 3747 604 3799 ut
623 3757 763 3818 (quaeque
782 3736 882 3820 prima
899 3733 981 3819 legio
998 3744 1144 3811 venerat,
1165 3736 1200 3798 in

166 3848 261 3890 naves
279 3827 390 3912 longas
408 3827 634 3913 imponebatur,
654 3830 774 3912 equites
788 3839 891 3891 autem
905 3828 937 3890 in
951 3825 1122 3891 onerarias.
1152 3827 1201 3892 ita

166 3920 313 3984 maiorem
331 3933 450 4005 partem
473 3922 599 3986 navium
618 3923 799 3986 antecedere
817 3921 907 3986 iussit
930 3931 960 3985 et
981 3918 1121 3982 insulam
1140 3943 1199 4004 pe·

165 4025 229 4077 tere
247 4014 456 4097 Aponianam,
475 4037 555 4099 quae
573 4016 662 4080 abest
680 4039 699 4078 a
712 4014 867 4098 Lilybaeo
886 4059 1030 4077 ......
1050 4034 1199 4077 commo-

164 4117 249 4170 ratus
268 4107 350 4171 bona
368 4130 538 4193 paucorum
556 4108 680 4193 publice
698 4108 816 4182 vendit,
836 4108 947 4170 deinde
965 4105 1081 4169 Alieno
1101 4128 1198 4191 prae-

166 4200 238 4275 tori,
265 4201 319 4282 qui
338 4200 476 4266 Siciliam
495 4202 667 4278 obtinebat,
695 4203 733 4265 de
757 4200 900 4265 omnibus
923 4199 1015 4264 rebus
1036 4200 1196 4285 praecipit

167 4293 253 4356 etde
271 4293 388 4376 reliquo
406 4297 543 4359 exercitu
562 4296 701 4360 celeriter
713 4295 910 4380 imponendo.
939 4294 1019 4357 datis
1033 4293 1194 4358 rnandatis

165 4387 232 4470 ipse
250 4409 362 4450 navem
380 4390 559 4453 conscendit
577 4390 650 4454 ad.
669 4388 718 4454 VI
731 4389 792 4452 kal.
806 4388 873 4451 Ian.
893 4397 924 4450 et
941 4386 1194 4472 reliquas‘naves

166 4479 269 4542 statim
293 4490 340 4543 cst
363 4492 558 4547 consecutus.
602 4483 647 4547 ita
664 4494 756 4547 vento
779 4492 863 4546 certo
885 4480 1038 4563 celerique
1060 4482 1193 4567 navigio
