2692 5206
389 790 507 849 contr.
525 793 578 849 111.
597 792 714 849 12-15.
993 780 1057 848 243

25 920 145 984 iurant
163 914 271 1001 legati3
299 914 414 981 tribuni
439 916 572 982 militum
598 917 854 1001 centurionesque
877 928 1056 1002 sequuntur,

34 1020 138 1093 atque
156 1009 238 1074 idem
261 1011 361 1074 omnis
384 1012 536 1077 exercitus
563 1012 653 1076 iurat.
689 1010 808 1076 Caesar
832 1023 1058 1099 praeoccupato

39 1102 151 1169 itinere
166 1104 206 1168 sd
221 1103 455 1190 Dyrrhachium
476 1105 570 1170 finem
592 1104 778 1191 properandi
799 1104 875 1169 lacit
896 1116 1058 1191 castraque

47 1196 89 1262 ad
107 1196 213 1263 flumen
229 1197 356 1284 Apsum
373 1200 461 1285 ponit
480 1200 514 1264 in
536 1199 650 1265 finibus
668 1198 929 1285 Apolloniatium,
955 1210 991 1265 ut
1008 1222 1058 1265 ca·

54 1289 144 1357 stellis
157 1293 331 1380 sigiliisquc
349 1292 429 1359 benc
446 1293 573 1358 meritae
591 1292 730 1358 civitates
754 1303 838 1359 tutae
860 1304 979 1373 essent,
999 1293 1059 1359 ibi·

59 1404 117 1465 que
132 1386 312 1472 reliquarum
333 1411 373 1452 ex
394 1388 485 1453 Italia
505 1388 664 1475 legionum
686 1389 856 1454 adventum
877 1400 1058 1476 exspectare

64 1486 92 1537 et
110 1478 156 1545 sub
179 1479 313 1566 pellibus
334 1480 472 1547 hiemare
497 1482 665 1548 constituit.
700 1482 760 1547 hoc
782 1483 865 1548 idom
885 1483 1058 1569 Pompeius

67 1566 127 1636 lecit
139 1582 165 1638 ct
180 1585 264 1639 trans
282 1574 399 1639 flumen
415 1580 541 1662 Apsum
558 1576 667 1661 positis
686 1576 794 1643 castris
813 1600 850 1643 eo
868 1577 974 1663 copias
992 1591 1059 1643 om·

69 1683 113 1727 nes
125 1668 290 1752 auxiliaque
308 1669 465 1734 conduxit.
494 1669 630 1735 Calenus
648 1669 823 1756 legionibus
841 1670 1058 1756 equitibusque
1077 1690 1109 1737 14

70 1750 188 1826 Brundisi
204 1762 237 1826 in
250 1784 345 1827 naves
359 1763 522 1848 impositis,
542 1775 576 1828 ut
589 1773 655 1829 erat
667 1773 866 1850 pracceptum
878 1788 898 1830 a
911 1763 1058 1842 Caesare,

72 1866 191 1927 quantum
202 1856 329 1920 navium
342 1855 521 1922 facultatem
534 1856 677 1934 habebat,
696 1879 792 1923 naves
807 1857 899 1923 solvit
915 1856 1059 1943 paulum·

73 1958 117 2021 que
129 1968 145 2011 a
157 1959 245 2034 portu
261 1972 446 2036 progressus
464 1951 581 2017 litteras
599 1974 619 2016 a
637 1949 773 2016 Caesare
795 1951 921 2037 accipit,
943 1949 1057 2034 quibus

73 2042 107 2097 etl
119 2041 215 2108 certior
231 2042 334 2109 sactus
351 2054 460 2130 portus
477 2045 629 2129 litoraque
647 2045 751 2109 omnia
772 2043 925 2111 classibus
948 2044 1059 2109 adver·

73 2131 191 2200 ttriorum
208 2137 315 2202 teneri.
351 2161 413 2222 quo
431 2139 556 2225 cognito
574 2161 608 2205 se
625 2139 658 2203 in
674 2149 800 2224 portum
820 2138 929 2225 recipit
945 2160 1058 2204 naves·

73 2238 115 2302 que
128 2250 227 2297 omnes
247 2245 383 2297 revocat.
417 2254 480 2297 una
497 2255 537 2297 ex
554 2232 617 2309 his,
636 2255 716 2317 quae
729 2231 939 2319 perseveravit
955 2253 1057 2316 neque

72 2310 170 2403 lupeno
183 2321 294 2390 Caleni
307 2325 541 2411 obtemperavit,
559 2327 644 2411 quod
661 2337 727 2392 erat
744 2326 811 2392 sinc
828 2325 977 2391 militibus
995 2325 1058 2412 pri·

71 2422 174 2501 taloque
195 2419 325 2485 consilio
346 2420 631 2499 administrabatur,
658 2421 761 2486 delata
779 2419 910 2486 Oricum
928 2430 1021 2503 atque
1038 2443 1058 2485 a

69 2498 154 2577 Bibulo
175 2522 354 2599 expugnata
375 2524 436 2591 est;
463 2514 517 2599 qui
538 2515 577 2579 de
600 2515 698 2580 servis
719 2514 887 2597 liberisque
913 2512 1057 2579 omnibus

68 2597 272 2692 dimpuberes
291 2607 477 2693 supplicium
496 2609 590 2674 sumit
608 2608 696 2673 etad
714 2630 811 2672 unum
829 2605 980 2671 interficit.
1014 2606 1059 2671 ita

66 2694 154 2784 exiguo
177 2711 317 2786 tempore
348 2723 524 2788 magnoque
554 2724 630 2768 casu
661 2701 755 2766 totius
786 2699 941 2765 exercitus
972 2698 1057 2765 salus

65 2791 185 2858 constitit.

107 2884 251 2966 Bibulus,
273 2899 309 2952 ut
326 2911 420 2974 supra
437 2889 682 2955 demonstratum
700 2899 762 2965 est,
781 2896 847 2951 erat
865 2908 938 2951 cum
955 2884 1056 2950 classo
1075 2908 1106 2955 15

63 2973 229 3047 tdOricum
251 2990 296 3059 ct,
324 2982 414 3046 sicuti
436 2983 515 3048 mari
535 2981 738 3069 portibusque
762 2979 932 3046 Caesarem
954 2977 1059 3064 prohi-

63 3060 145 3152 lebat,
168 3074 214 3140 ita
228 3075 297 3160 ipse
315 3076 400 3141 omni
417 3085 497 3142 terra
514 3100 621 3160 earum
638 3077 801 3163 regionum
822 3071 1057 3160 prohibebatur:

62 3167 200 3241 maidiia
218 3167 301 3233 euim
319 3169 477 3255 dispositis
495 3171 600 3236 omnia
615 3170 706 3236 litora
723 3195 742 3235 a
756 3167 893 3234 Caesare
910 3166 1058 3232 teneban-

62 3259 217 3346 tarneque
234 3261 373 3348 lignandi
390 3275 483 3348 atque
501 3265 635 3348 aquandi
653 3286 754 3347 neque
772 3284 868 3327 naves
887 3261 928 3327 ad
945 3273 1057 3326 terram

61 3349 190 3440 religandi
210 3366 350 3442 potestas
372 3356 476 3423 fiebat.
520 3369 586 3423 erat
606 3379 656 3422 rcs
679 3358 712 3421 in
733 3380 848 3442 magua
865 3354 1057 3430 difficultate,

62 3449 231 3534 omnisque
253 3451 406 3536 angustiis
428 3473 531 3516 rerum
557 3451 802 3517 necessariarum
828 3448 1057 3534 premebantur,

62 3534 120 3606 *dtu
134 3551 168 3607 ut
185 3553 371 3629 cogerentur
392 3545 483 3609 sicuti
505 3545 659 3629 reliquum
680 3553 888 3609 commeatum
908 3542 953 3605 ita
973 3541 1060 3627 ligna

63 3638 134 3716 thue
148 3658 263 3721 aquam
281 3636 421 3723 Corcyra
439 3639 571 3704 navibus
590 3639 737 3704 onerariis
756 3650 947 3724 supportare,
966 3645 1058 3718 atque

64 3723 135 3795 diam
149 3754 212 3798 uno
229 3743 369 3819 temporo
386 3733 511 3811 accidit,
531 3745 565 3798 ut
582 3732 808 3799 difficilioribus
825 3731 876 3797 usi
893 3739 1060 3814 tempests·

10 3840 15 3851 '
65 3814 126 3889 lbos
140 3848 180 3893 ex
196 3826 346 3914 pellibus,
373 3828 487 3912 quibus
506 3839 593 3894 crant
615 3839 714 3893 tectae
735 3849 846 3904 naves,
873 3833 1059 3890 nocturnum

65 3916 181 4005 &ripere
202 3944 304 3987 rorem
327 3934 524 4009 cogerentur3
552 3946 630 4006 quas
652 3932 757 3987 tamen
779 3919 978 3985 difficultates
1004 3940 1060 4002 pn-

66 4000 151 4079 llffiter
170 4026 265 4101 atquc
287 4037 387 4100 aequo
409 4016 513 4082 animo
535 4015 677 4082 serebant
698 4038 799 4099 neque
826 4013 887 4080 sibi
912 4011 1061 4076 nudanda

66 4088 134 4198 {litu
147 4119 177 4175 et
192 4109 412 4194 relinquendos
425 4121 532 4196 portus
546 4109 775 4176 existimabant.
802 4108 858 4174 scd
871 4129 942 4172 cum
956 4114 1060 4170 essent

67 4204 92 4253 u
102 4198 202 4281 quibus
218 4202 430 4269 demonstravi
447 4204 615 4290 angustiis,
642 4226 679 4269 ac
697 4226 731 4268 se
748 4201 833 4267 Libo
855 4223 927 4266 cum
944 4197 1060 4264 Bibulo
1163 4211 1167 4226 ·

69 4288 265 4375 trulmanna,
287 4296 457 4381 loquuntur
474 4297 566 4362 ambo
584 4320 625 4362 ex
641 4295 774 4362 navibus
792 4317 864 4360 cum
880 4293 937 4358 Μ’.
955 4290 1059 4358 Acilio

71 4379 190 4455 &Statio
206 4390 320 4457 Murco
337 4392 464 4479 legatis3
486 4415 618 4478 quorum
636 4393 713 4456 alter
730 4389 835 4476 oppidi
852 4387 964 4466 muris,
983 4386 1060 4452 alter

10 4540 13 4571 ;
72 4480 201 4551 llfltsldiis
218 4486 416 4552 terrestribus
433 4496 588 4572 praeerat:
607 4485 686 4550 vellc
704 4507 737 4550 sc
756 4485 795 4548 de
809 4481 952 4548 maximis
964 4479 1058 4545 rebus

10 4588 13 4603 '
75 4574 256 4647 llmCscsare
268 4580 365 4667 loqui,
379 4582 407 4648 si
419 4580 479 4648 sibi
492 4581 624 4647 facultas
634 4580 732 4646 detur.
754 4579 816 4645 huc
829 4578 947 4731 Ἱῑὶἒιωὶ
959 4595 1060 4662 pauca
