2738 5272
182 705 246 773 350
534 714 650 769 BELLI
668 714 851 771 AFRICANI

181 843 305 905 nominc
322 840 464 926 persuasi
481 862 586 925 aregc
599 837 680 904 Iuba
692 838 869 904 desciscunt
884 839 1089 924 celeriterque
1107 843 1222 907 cuncti

181 959 268 1000 arma
281 934 407 1021 capiunt
420 945 587 1017 contraque
601 955 707 1018 regem
720 933 823 998 facere
836 955 898 997 non
912 934 1065 999 dubitant.
1090 936 1220 1019 quibus

182 1029 275 1094 rebus
293 1029 425 1114 cognitis
444 1027 525 1093 Iuba
547 1028 700 1091 distentus
723 1027 834 1112 triplici
856 1027 937 1092 bello
955 1029 1219 1113 necessitateque

182 1136 308 1188 coactus
325 1124 364 1188 de
383 1122 448 1187 suis
467 1122 578 1206 copiis,
606 1143 684 1204 quas
708 1133 815 1185 contra
833 1120 1001 1186 Caesarem
1019 1122 1217 1201 adduxerat,

183 1239 242 1282 serr
257 1217 398 1281 cobortes
416 1216 449 1279 in
471 1215 549 1278 fines
571 1215 661 1300 regni
683 1215 732 1279 sui
753 1215 860 1290 mittit,
887 1237 967 1298 quae
990 1228 1100 1280 essent
1120 1239 1218 1302 prae-

131 1329 163 1376 56
183 1311 262 1375 sidio
284 1322 391 1376 eontra
409 1307 571 1375 Gaetulos.
616 1309 735 1373 Caesar
756 1309 890 1374 brachiis
913 1309 1061 1395 perfectis
1079 1333 1217 1395 promo-

182 1406 282 1490 tisque
304 1427 405 1489 usque
427 1427 479 1481 eo,
508 1425 570 1487 quo
591 1404 686 1468 telum
711 1427 749 1467 ex
768 1404 882 1489 oppido
900 1404 982 1468 adici
1003 1428 1066 1469 non
1086 1418 1217 1489 posset,

182 1512 284 1565 eastra
300 1500 412 1576 munit,
435 1497 567 1562 ballistis
590 1497 866 1582 scorpionibusque
889 1498 1004 1562 crebris
1029 1508 1103 1562 ante
1125 1499 1216 1563 fron-

182 1606 244 1658 tem
263 1604 433 1658 castrorum
451 1605 558 1657 contm
574 1592 723 1677 oppidum
741 1592 898 1656 collocatis
922 1592 1107 1656 defensores
1127 1594 1215 1656 muri

183 1690 335 1753 deterrere
353 1710 415 1751 non
432 1685 606 1750 intermittit
624 1707 721 1769 eoque
740 1687 876 1768 quinque
895 1686 1034 1770 legiones
1052 1707 1094 1749 ex
1114 1708 1217 1771 supe-

183 1781 316 1846 rioribus
335 1780 443 1845 eastris
466 1779 599 1843 deducit.
643 1802 705 1862 qua
727 1778 874 1843 facultate
892 1779 997 1844 oblata
1019 1778 1215 1844 illustriores

183 1875 398 1957 notissimique
416 1883 616 1958 conspectum
639 1873 808 1937 amicorum
830 1873 1145 1957 propinquorumque
1166 1872 1216 1937 ef-

184 1968 365 2053 flagitabant
381 1977 474 2049 atque
491 1967 571 2030 inter
593 1989 627 2030 se
649 1965 913 2049 colloquebantur.
957 1988 1037 2048 quae
1060 1989 1112 2030 res
1133 1967 1217 2050 quid

183 2061 323 2126 utilitatis
341 2060 477 2137 haberet,
497 2058 665 2124 Caesarem
683 2082 746 2123 non
764 2058 900 2124 fallebat.
927 2081 1062 2141 namque
1077 2056 1216 2123 Gaetuli

183 2179 222 2218 ex
240 2155 378 2238 equitatu
395 2154 481 2239 regio
498 2153 664 2218 nobiliores
678 2154 879 2237 equitumque
892 2154 1051 2239 praefecti,
1071 2175 1216 2235 quorum

182 2261 286 2333 patres
305 2270 375 2319 cum
393 2247 496 2312 Mario
514 2258 585 2312 ante
608 2259 784 2312 meruerant
805 2248 933 2331 eiusque
951 2246 1102 2311 beneficio
1123 2249 1217 2335 agris

182 2342 358 2425 finibusque
381 2340 485 2405 donati
511 2352 582 2426 post
606 2339 712 2407 Sullae
739 2342 900 2405 victoriam
927 2341 985 2405 sub
1008 2341 1216 2425 Hiempsalis

182 2439 265 2524 regis
293 2446 380 2500 erant
405 2436 469 2499 dati
494 2445 693 2520 potestatem,
721 2436 883 2499 occasione
910 2445 1001 2519 capta
1026 2445 1121 2498 nocte
1148 2436 1216 2499 iam

183 2530 350 2595 luminibus
373 2530 511 2593 accensis
534 2551 605 2592 eum
628 2530 716 2612 equis
739 2528 962 2611 calonibusque
990 2528 1054 2592 suis
1083 2528 1218 2593 circiter

183 2625 266 2689 mille
283 2624 464 2709 perfugiunt
481 2624 512 2687 in
532 2622 677 2687 Caesaris
696 2633 810 2699 castra,
835 2645 914 2705 quae
932 2633 1020 2686 crant
1041 2622 1073 2683 in
1093 2644 1217 2707 campo

132 2743 162 2788 ar
181 2718 321 2804 proxime
346 2714 477 2802 [locum]
498 2716 624 2781 Uzittae
646 2717 755 2781 locata.
799 2716 884 2797 quod
906 2729 1072 2801 postquam
1096 2713 1217 2800 Scipio

182 2813 297 2896 quique
315 2832 385 2874 cum
405 2830 442 2874 co
460 2820 547 2874 erant
569 2823 795 2895 cognoverunt,
825 2832 895 2872 cum
918 2808 1063 2872 commoti
1087 2829 1128 2870 ex
1157 2810 1217 2874 tali

182 2904 379 2970 incommodo
397 2914 514 2979 essent,
538 2902 602 2967 fere
619 2925 675 2987 per
692 2903 724 2966 id
743 2912 865 2987 tempus
884 2902 930 2965 M.
950 2901 1111 2983 Aquinum
1135 2924 1215 2965 cum

184 3000 222 3064 C.
234 2997 370 3064 Saserna
388 2998 611 3081 colloquentem
630 2997 783 3060 uiderunt.
813 2995 919 3080 Scipio
938 2996 1029 3058 mittit
1047 2995 1089 3057 ad
1103 2995 1217 3078 Aqui-

181 3116 270 3156 num:
299 3090 373 3154 nihil
397 3092 525 3155 attinere
548 3114 619 3156 eum
642 3114 713 3154 cum
736 3091 921 3154 adversariis
945 3089 1086 3170 colloqui.
1135 3113 1216 3155 cum

182 3185 276 3249 nihilo
296 3186 397 3248 minus
481 3186 548 3248 eius
567 3207 741 3249 sermonem
759 3185 885 3248 nuntius
904 3185 944 3247 ad
960 3181 1143 3266 Scipionem
1164 3209 1218 3249 re-

181 3279 288 3342 ferret:
307 3279 497 3353 sedrestarc,
516 3289 551 3340 ut
559 3278 687 3360 reliqua,
706 3300 786 3360 quae
796 3277 897 3353 vellet,
916 3288 1086 3361 perageret,
1105 3277 1218 3344 viator

181 3383 340 3458 praeterea
358 3371 397 3436 ab
413 3371 491 3436 luba
508 3373 548 3436 ad
566 3395 637 3436 eum
656 3382 703 3437 est
721 3373 845 3447 missus,
864 3373 917 3454 qui
932 3373 1046 3434 diceret
1060 3371 1216 3439 audiente

184 3465 332 3531 Saserna:
362 3473 460 3529 ‘vetat
484 3478 513 3529 te
535 3489 590 3529 rex
614 3466 766 3548 colloqui!
810 3488 873 3548 quo
895 3467 1002 3529 nuntio
1025 3467 1216 3548 perterritus

183 3559 327 3623 discessit
345 3571 375 3623 ct
393 3559 474 3622 dicto
493 3560 622 3624 audiens
641 3560 699 3622 fuit
717 3560 792 3644 regi.
839 3583 899 3622 usu
921 3561 1043 3622 venisse
1065 3557 1126 3622 boc
1148 3562 1216 3626 ciui

182 3654 323 3717 Romano
342 3665 371 3716 et
390 3653 428 3727 ci,
447 3654 500 3736 qui
519 3652 558 3716 ab
576 3654 692 3737 populo
706 3653 850 3717 Romano
867 3653 1000 3717 honores
1019 3653 1212 3736 accepisset,

181 3747 328 3811 incolumi
344 3748 445 3831 patria
462 3747 656 3830 fortunisque
674 3747 818 3811 omnibus
832 3746 930 3811 lubae
949 3746 1080 3810 barbaro
1100 3748 1214 3829 potius

181 3840 377 3905 obedientem
390 3839 498 3917 fuisse,
514 3862 606 3922 quam
618 3852 671 3903 aut
682 3838 839 3924 Scipionis
850 3839 1080 3924 obtemperasse
1095 3843 1214 3906 nuntio

182 3946 236 3998 aut
253 3935 353 3998 caesis
372 3934 511 3997 eiusdem
525 3935 621 4017 partis
636 3935 756 3998 civibus
770 3934 956 3998 incolumem
972 3934 1082 3997 reverti
1097 3934 1212 3999 malle!

182 4038 274 4110 atque
293 4027 386 4090 etiam
405 4026 568 4110 superbius
587 4026 686 4090 lubae
704 4027 821 4090 factum
840 4050 902 4090 non
920 4029 951 4090 in
970 4028 1016 4089 M.
1032 4026 1212 4107 Aquinum,

182 4121 340 4185 hominem
357 4143 473 4184 novum
487 4143 679 4204 parvumque
694 4128 878 4196 senatorem,
898 4122 998 4185 sedin
1014 4119 1212 4202 Scipionem,

183 4214 339 4278 hominem
361 4214 414 4278 illa
435 4215 567 4291 familia,
596 4215 760 4299 (lignitate,
788 4215 957 4279 honoribus
985 4225 1211 4299 praestantem.

97 4323 100 4330 '
183 4330 317 4389 namque
335 4329 407 4371 cum
422 4307 529 4392 Scipio
548 4309 657 4393 sagulo
675 4331 831 4392 purpureo
849 4323 920 4371 ante
935 4310 1017 4393 regis
1036 4307 1213 4372 adventum

184 4400 229 4462 uti
248 4400 356 4464 solitus
375 4411 471 4477 esset,
491 4402 603 4465 dicitur
619 4402 699 4466 Iuba
718 4425 789 4466 eum
807 4425 844 4467 eo
862 4404 964 4488 egisse
983 4425 1044 4465 non
1063 4416 1214 4484 oportere

186 4494 271 4557 illum
286 4493 394 4557 codem
409 4496 453 4558 uti
467 4496 590 4571 vestitu,
609 4506 701 4579 atque
715 4497 782 4581 ipse
796 4507 940 4561 uteretur.
968 4498 1071 4578 itaque
1086 4495 1213 4562 factum
