2738 5272
194 763 257 829 348
541 772 658 827 BELLI
674 770 859 829 AFRICANI

191 923 248 984 per
264 899 400 964 medium
418 919 563 982 campum
580 918 597 960 e
615 896 740 982 regione
759 897 864 981 oppidi
878 896 1013 975 Uzittae,
1032 899 1125 982 quod
1139 901 1228 965 inter

192 1017 249 1058 sua
266 1003 368 1058 castra
385 1004 416 1055 et
431 989 587 1075 Scipionis
605 990 636 1053 in
654 989 786 1074 planicie
798 990 935 1074 positum
953 1001 1018 1054 erat
1032 992 1225 1058 tenebatur-

190 1110 250 1171 que
268 1111 288 1152 a
307 1085 466 1170 Scipione,
489 1084 552 1148 duo
569 1082 696 1148 brachia
712 1083 845 1147 instituit
863 1083 934 1147 duci
952 1094 982 1148 et
1002 1085 1048 1149 ita
1065 1086 1223 1173 dirigere,

190 1191 224 1244 ut
242 1181 282 1245 ad
304 1179 453 1266 angulum
475 1177 618 1241 dextrum
640 1177 861 1261 sinistrumque
883 1177 950 1242 eius
973 1179 1079 1264 oppidi
1098 1202 1223 1245 conve·

190 1275 300 1339 nirent.
343 1273 376 1336 id
393 1272 453 1336 hac
470 1270 588 1334 ratione
606 1293 685 1355 opus
702 1271 888 1348 instruebat,
915 1282 964 1349 ut,
991 1294 1062 1336 cum
1080 1275 1221 1360 propius

190 1367 339 1453 oppidum
357 1366 463 1451 copias
481 1365 671 1428 admovisset
688 1387 930 1450 oppugnareque
945 1366 1111 1450 coepisset,
1133 1378 1222 1433 tecta

189 1461 285 1526 latera
303 1461 368 1525 suis
386 1457 608 1522 munitionibus
626 1456 763 1534 haberet,
782 1480 820 1522 ne
839 1457 878 1522 ab
897 1459 1052 1542 equitatus
1070 1461 1221 1525 multitu-

188 1555 260 1618 dine
270 1553 496 1618 circumventus
511 1551 550 1616 ab
565 1552 794 1637 oppugnatione
808 1552 1019 1629 deterreretur,
1037 1565 1218 1638 praeterea,

189 1669 251 1731 quo
269 1646 391 1711 facilius
407 1645 558 1728 colloquia
575 1645 641 1709 fieri
654 1656 792 1731 possent,
812 1657 842 1708 et
856 1646 883 1708 si
897 1647 949 1728 qui
963 1647 1134 1733 perfugere
1149 1650 1219 1713 vel-

187 1743 265 1818 lent,
292 1740 324 1804 id
346 1740 431 1824 quod
452 1749 543 1803 antea
564 1762 657 1824 saepe
679 1739 839 1804 accidebat
864 1763 979 1826 magno
1001 1763 1072 1804 cum
1100 1764 1217 1807 eorum

188 1833 338 1919 periculo,
366 1844 431 1897 tum
453 1833 543 1898 facile
561 1844 592 1897 et
614 1834 680 1897 sine
697 1833 834 1917 periculo
856 1832 951 1898 fieret.
995 1834 1093 1898 voluit
1114 1837 1217 1901 etiam

189 1928 334 2013 experiri,
362 1949 432 1991 cum
454 1927 581 2012 propius
607 1927 729 1992 hostem
755 1927 952 2004 accessisset,
980 1927 1154 1995 haberetne
1182 1933 1217 1995 in

188 2023 291 2086 animo
309 2020 464 2085 dimicare.
492 2019 658 2084 accedebat
676 2021 768 2085 etiam
781 2021 822 2084 ad
834 2021 968 2104 reliquas
982 2045 1103 2098 causas,
1126 2026 1219 2109 quod

187 2115 215 2179 is
233 2115 319 2179 locus
338 2114 504 2198 depressus
523 2125 602 2191 erat,
629 2114 776 2198 puteique
797 2114 841 2179 ibi
864 2114 929 2179 fieri
952 2117 1132 2201 complures
1157 2142 1218 2204 po-

188 2217 300 2272 terant:
324 2207 488 2290 aquatione
510 2207 591 2272 enim
614 2207 708 2293 longa
729 2219 760 2272 et
778 2221 911 2295 angusta
932 2208 1085 2274 utebatur.
1135 2214 1218 2278 dum

188 2304 265 2367 haec
282 2323 390 2386 opera,
413 2323 493 2384 quae
510 2310 580 2365 ante
599 2302 676 2377 dixi,
701 2300 816 2365 fiebant
834 2326 853 2366 a
869 2302 1059 2389 legionibus,
1083 2305 1217 2372 interim

187 2420 259 2481 pars
286 2395 351 2458 acie
377 2405 447 2458 ante
465 2417 543 2480 opus
570 2395 719 2459 instructa
746 2395 804 2459 sub
831 2395 920 2460 hoste
943 2397 1057 2474 stabat3
1085 2401 1217 2481 equites

186 2489 309 2554 barbari
327 2488 465 2570 levisque
483 2499 655 2552 armaturae
673 2489 797 2573 proeliis
821 2490 947 2554 minutis
967 2492 1147 2557 comminus
1168 2496 1219 2559 di-

137 2605 167 2653 ca
186 2583 350 2647 micabant.
396 2581 514 2646 Caesar
535 2580 574 2645 ab
598 2605 635 2646 eo
657 2605 749 2666 opere
775 2605 846 2646 eum
873 2585 933 2646 iam
958 2584 1015 2648 sub
1038 2607 1218 2668 vesperum

186 2679 290 2762 copias
308 2677 341 2739 in
358 2691 459 2740 castra
476 2677 644 2751 reduceret,
663 2699 777 2761 magno
796 2676 921 2740 incursu
936 2701 1005 2741 cum
1020 2679 1104 2741 omni
1121 2684 1218 2764 equi-

186 2783 251 2835 tatu
269 2770 390 2852 levique
409 2780 564 2833 armatura
581 2768 674 2844 Iuba,
695 2768 814 2854 Scipio,
834 2770 995 2835 Labienus
1014 2772 1044 2833 in
1063 2771 1217 2856 legiona-

184 2866 247 2929 rios
269 2865 419 2948 impetum
441 2863 590 2926 fecerunt.
635 2863 754 2945 equites
780 2862 960 2927 Caesariani
988 2866 1018 2928 vi
1040 2866 1218 2935 universae

186 2959 366 3042 subitaeque
385 2957 519 3021 hostium
538 2957 741 3020 multitudinis
755 2957 837 3041 pulsi
851 2980 1016 3042 parumper
1034 2975 1216 3028 cesserunt.

185 3075 264 3136 quae
290 3073 340 3114 res
368 3051 456 3114 aliter
482 3050 665 3113 adversariis
693 3051 812 3113 cecidit.
861 3074 995 3134 namque
1019 3052 1145 3117 Caesa-r
1175 3081 1217 3122 ex

185 3146 287 3208 medio
305 3145 412 3207 itinere
431 3144 527 3227 copiis
546 3143 681 3206 reductis
700 3143 855 3225 equitibus
875 3145 938 3207 suis
954 3146 1102 3208 arixilium
1121 3151 1215 3227 tulit;

185 3239 303 3320 equites
327 3250 430 3299 autem
453 3237 588 3299 adventu
610 3236 766 3320 legionum
791 3237 893 3300 animo
917 3238 1021 3301 addito
1043 3244 1215 3307 conversis

185 3331 271 3413 cquis
283 3331 313 3394 in
322 3329 473 3393 Numidas
488 3330 598 3413 cupide
611 3329 809 3411 insequentes
824 3331 1042 3414 dispersosque
1051 3332 1215 3416 impetum

184 3423 323 3487 fecerunt
340 3434 432 3504 atque
451 3445 504 3486 eos
523 3422 757 3487 convulneratus
778 3425 925 3506 usquein
944 3440 1044 3488 castra
1056 3427 1149 3510 regia
1164 3453 1216 3493 re-

183 3517 327 3602 pulerunt
344 3517 519 3599 multosque
538 3518 632 3580 exiis
651 3518 878 3580 iuterfecerunt.
919 3519 1079 3601 quodnisi
1097 3520 1132 3582 in
1154 3547 1215 3588 no-

185 3624 265 3675 ctem
292 3611 443 3695 proelium
469 3621 552 3674 esset
578 3612 764 3685 coniectum,
797 3611 960 3694 pulvisque
991 3624 1083 3675 vento
1110 3614 1213 3682 flatus

182 3705 319 3768 omnium
338 3716 505 3789 prospectu
522 3705 692 3781 offecisset,
715 3704 795 3767 Iuba
814 3728 884 3767 cunr
904 3706 1045 3770 Labieno
1068 3711 1156 3790 capti
1177 3712 1213 3775 in

183 3811 367 3883 potestatem
387 3799 531 3862 Caesaris
550 3799 721 3874 venissent,
745 3799 962 3882 equitatusque
986 3823 1056 3862 eum
1074 3801 1136 3863 levi
1160 3828 1213 3868 ar-

182 3903 303 3956 matura
324 3893 463 3956 funditus
482 3893 522 3956 ad
543 3893 782 3955 internecionem
801 3893 920 3957 deletus
944 3905 1034 3957 esset.
1079 3896 1211 3963 interim

183 3986 400 4050 incredibiliter
426 4010 465 4049 ex
490 3985 665 4071 legionibus
687 3986 757 4048 llll
779 3997 810 4048 et
832 3986 880 4049 VI
904 3986 1059 4071 Scipionis
1087 3989 1211 4056 milites

182 4080 333 4164 diffugere
352 4081 464 4164 partim
482 4081 513 4143 in
532 4091 632 4143 castra
651 4078 811 4154 Caesaris,
835 4081 947 4163 partim
969 4082 1000 4143 in
1020 4104 1097 4163 quas
1116 4088 1212 4164 quis-

183 4197 241 4255 que
255 4184 375 4257 poterat
388 4174 529 4259 regiones
544 4174 717 4257 pervenir03
736 4174 871 4256 itemque
886 4175 1004 4257 equites
1021 4175 1210 4245 Curioniani

183 4267 277 4329 dislisi
302 4265 440 4351 Scipioni
462 4267 590 4350 eiusque
613 4268 709 4351 copiis
737 4268 911 4352 complures
939 4291 972 4333 se
996 4269 1105 4332 eodem
1128 4293 1211 4337 con-

182 4358 331 4423 ferebant.

133 4473 164 4520 53
244 4452 333 4516 Dum
351 4453 427 4518 haec
446 4456 561 4519 circum
577 4454 715 4520 Uzittam
735 4454 774 4519 ab
794 4456 932 4540 utrisque
950 4457 1081 4520 duribus
1101 4458 1209 4526 adrni-

183 4556 329 4622 strantur,
357 4547 496 4634 legiones
515 4549 608 4626 duae,
635 4549 671 4612 X
689 4559 720 4613 et
737 4548 852 4627 VIIII,
880 4574 919 4615 ex
938 4549 1045 4617 Sicilia
1067 4553 1209 4622 navibus
