<?xml version="1.0" encoding="UTF-8"?>
<!DOCTYPE html PUBLIC "-//W3C//DTD XHTML 1.0 Transitional//EN"
    "http://www.w3.org/TR/xhtml1/DTD/xhtml1-transitional.dtd">
<html xmlns="http://www.w3.org/1999/xhtml" xml:lang="en" lang="en">
 <head>
  <title>
</title>
<meta http-equiv="Content-Type" content="text/html;charset=utf-8" />
  <meta name='ocr-system' content='tesseract 3.04.00' />
  <meta name='ocr-capabilities' content='ocr_page ocr_carea ocr_par ocr_line ocrx_word'/>
</head>
<body>
  <div class='ocr_page' id='page_1' title='image "./ciuliicaesarisc03krangoog_0169.png"; bbox 0 0 2692 5206; ppageno 0'>
   <div class='ocr_carea' id='block_1_1' title="bbox 431 744 1148 814">
    <p class='ocr_par' dir='ltr' id='par_1_1' title="bbox 431 744 1148 814">
     <span class='ocr_line' id='line_1_1' title="bbox 431 744 1148 814; baseline 0 -1"><span class='ocrx_word' id='word_1_1' title='bbox 431 755 549 813; x_wconf 84' lang='lat' dir='ltr'>couu.</span> <span class='ocrx_word' id='word_1_2' title='bbox 566 757 615 814; x_wconf 79' lang='lat' dir='ltr'>vi.</span> <span class='ocrx_word' id='word_1_3' title='bbox 633 758 718 812; x_wconf 84' lang='lat'>1-6.</span> <span class='ocrx_word' id='word_1_4' title='bbox 1046 744 1086 812; x_wconf 73' lang='grc'>97</span> <span class='ocrx_word' id='word_1_5' title='bbox 1140 796 1148 813; x_wconf 86' lang='grc'><strong>.</strong></span> 
     </span>
    </p>
   </div>
   <div class='ocr_carea' id='block_1_2' title="bbox 46 878 1167 4539">
    <p class='ocr_par' dir='ltr' id='par_1_2' title="bbox 46 878 1167 4539">
     <span class='ocr_line' id='line_1_2' title="bbox 62 878 1088 950; baseline 0 -1"><span class='ocrx_word' id='word_1_6' title='bbox 62 880 233 950; x_wconf 85' lang='lat' dir='ltr'>concilium</span> <span class='ocrx_word' id='word_1_7' title='bbox 249 880 412 947; x_wconf 86' lang='lat' dir='ltr'>Lutetiam</span> <span class='ocrx_word' id='word_1_8' title='bbox 428 878 618 946; x_wconf 82' lang='lat' dir='ltr'>Parisiorum</span> <span class='ocrx_word' id='word_1_9' title='bbox 642 881 797 947; x_wconf 74' lang='lat' dir='ltr'>transfert.</span> <span class='ocrx_word' id='word_1_10' title='bbox 840 881 978 949; x_wconf 87' lang='lat' dir='ltr'>confines</span> <span class='ocrx_word' id='word_1_11' title='bbox 1000 892 1088 949; x_wconf 90' lang='lat' dir='ltr'>erant</span> 
     </span>
     <span class='ocr_line' id='line_1_3' title="bbox 63 975 1086 1062; baseline -0.001 -19"><span class='ocrx_word' id='word_1_12' title='bbox 63 977 100 1043; x_wconf 91' lang='lat' dir='ltr'>hi</span> <span class='ocrx_word' id='word_1_13' title='bbox 112 975 294 1043; x_wconf 80' lang='lat' dir='ltr'>Senonibus</span> <span class='ocrx_word' id='word_1_14' title='bbox 313 975 531 1059; x_wconf 81' lang='lat' dir='ltr'>civitatemque</span> <span class='ocrx_word' id='word_1_15' title='bbox 548 986 671 1062; x_wconf 87' lang='lat' dir='ltr'>patrum</span> <span class='ocrx_word' id='word_1_16' title='bbox 689 976 837 1042; x_wconf 88' lang='lat' dir='ltr'>memoria</span> <span class='ocrx_word' id='word_1_17' title='bbox 854 977 1086 1056; x_wconf 85' lang='lat' dir='ltr'>coniunxerant,</span> 
     </span>
     <span class='ocr_line' id='line_1_4' title="bbox 65 1068 1087 1159; baseline 0.001 -22"><span class='ocrx_word' id='word_1_18' title='bbox 65 1071 124 1137; x_wconf 86' lang='lat' dir='ltr'>sed</span> <span class='ocrx_word' id='word_1_19' title='bbox 145 1070 187 1136; x_wconf 88' lang='lat' dir='ltr'>ab</span> <span class='ocrx_word' id='word_1_20' title='bbox 207 1070 269 1135; x_wconf 91' lang='lat' dir='ltr'>boc</span> <span class='ocrx_word' id='word_1_21' title='bbox 289 1068 419 1135; x_wconf 90' lang='lat' dir='ltr'>consilio</span> <span class='ocrx_word' id='word_1_22' title='bbox 442 1069 559 1135; x_wconf 82' lang='lat' dir='ltr'>afuisse</span> <span class='ocrx_word' id='word_1_23' title='bbox 585 1071 849 1137; x_wconf 83' lang='lat' dir='ltr'>existimabantur.</span> <span class='ocrx_word' id='word_1_24' title='bbox 892 1071 952 1136; x_wconf 93' lang='lat' dir='ltr'>hac</span> <span class='ocrx_word' id='word_1_25' title='bbox 977 1095 1010 1137; x_wconf 91' lang='lat' dir='ltr'>re</span> <span class='ocrx_word' id='word_1_26' title='bbox 1030 1095 1087 1159; x_wconf 91' lang='lat' dir='ltr'>pro</span> 
     </span>
     <span class='ocr_line' id='line_1_5' title="bbox 64 1163 1088 1251; baseline 0.001 -20"><span class='ocrx_word' id='word_1_27' title='bbox 64 1172 224 1251; x_wconf 84' lang='lat' dir='ltr'>suggestu</span> <span class='ocrx_word' id='word_1_28' title='bbox 239 1163 437 1250; x_wconf 86' lang='lat' dir='ltr'>pronuntiata</span> <span class='ocrx_word' id='word_1_29' title='bbox 455 1163 565 1228; x_wconf 90' lang='lat' dir='ltr'>eodem</span> <span class='ocrx_word' id='word_1_30' title='bbox 583 1163 633 1228; x_wconf 92' lang='lat' dir='ltr'>die</span> <span class='ocrx_word' id='word_1_31' title='bbox 651 1187 723 1229; x_wconf 89' lang='lat' dir='ltr'>cum</span> <span class='ocrx_word' id='word_1_32' title='bbox 744 1165 919 1250; x_wconf 82' lang='lat' dir='ltr'>legionibus</span> <span class='ocrx_word' id='word_1_33' title='bbox 936 1165 970 1230; x_wconf 93' lang='lat' dir='ltr'>in</span> <span class='ocrx_word' id='word_1_34' title='bbox 988 1163 1088 1232; x_wconf 90' lang='lat' dir='ltr'>Seno·</span> 
     </span>
     <span class='ocr_line' id='line_1_6' title="bbox 62 1257 1121 1347; baseline 0.003 -22"><span class='ocrx_word' id='word_1_35' title='bbox 62 1280 122 1327; x_wconf 88' lang='lat' dir='ltr'>nes</span> <span class='ocrx_word' id='word_1_36' title='bbox 139 1257 347 1345; x_wconf 89' lang='lat' dir='ltr'>proficiscitur</span> <span class='ocrx_word' id='word_1_37' title='bbox 364 1258 548 1344; x_wconf 84' lang='lat' dir='ltr'>magnisque</span> <span class='ocrx_word' id='word_1_38' title='bbox 561 1258 722 1324; x_wconf 82' lang='lat' dir='ltr'>itineribus</span> <span class='ocrx_word' id='word_1_39' title='bbox 736 1282 773 1324; x_wconf 91' lang='lat' dir='ltr'>eo</span> <span class='ocrx_word' id='word_1_40' title='bbox 786 1261 936 1344; x_wconf 77' lang='lat' dir='ltr'>pervenit.</span> <span class='ocrx_word' id='word_1_41' title='bbox 963 1261 1087 1347; x_wconf 86' lang='lat' dir='ltr'>cognito</span> <span class='ocrx_word' id='word_1_42' title='bbox 1105 1284 1121 1328; x_wconf 82' lang='grc'>4</span> 
     </span>
     <span class='ocr_line' id='line_1_7' title="bbox 64 1349 1088 1438; baseline 0.001 -20"><span class='ocrx_word' id='word_1_43' title='bbox 64 1353 135 1418; x_wconf 90' lang='lat' dir='ltr'>eius</span> <span class='ocrx_word' id='word_1_44' title='bbox 153 1352 291 1417; x_wconf 88' lang='lat' dir='ltr'>adventu</span> <span class='ocrx_word' id='word_1_45' title='bbox 302 1349 403 1429; x_wconf 90' lang='lat' dir='ltr'>Acco,</span> <span class='ocrx_word' id='word_1_46' title='bbox 421 1352 475 1435; x_wconf 93' lang='lat' dir='ltr'>qui</span> <span class='ocrx_word' id='word_1_47' title='bbox 491 1353 636 1438; x_wconf 91' lang='lat' dir='ltr'>princeps</span> <span class='ocrx_word' id='word_1_48' title='bbox 654 1353 721 1418; x_wconf 91' lang='lat' dir='ltr'>eius</span> <span class='ocrx_word' id='word_1_49' title='bbox 740 1354 860 1419; x_wconf 91' lang='lat' dir='ltr'>consilii</span> <span class='ocrx_word' id='word_1_50' title='bbox 874 1353 983 1432; x_wconf 85' lang='lat' dir='ltr'>luerat,</span> <span class='ocrx_word' id='word_1_51' title='bbox 1001 1355 1088 1421; x_wconf 90' lang='lat' dir='ltr'>iubet</span> 
     </span>
     <span class='ocr_line' id='line_1_8' title="bbox 63 1445 1088 1533; baseline 0.001 -21"><span class='ocrx_word' id='word_1_52' title='bbox 63 1447 99 1512; x_wconf 93' lang='lat' dir='ltr'>in</span> <span class='ocrx_word' id='word_1_53' title='bbox 115 1446 234 1532; x_wconf 90' lang='lat' dir='ltr'>oppida</span> <span class='ocrx_word' id='word_1_54' title='bbox 251 1445 480 1510; x_wconf 82' lang='lat' dir='ltr'>multitudinem</span> <span class='ocrx_word' id='word_1_55' title='bbox 493 1446 668 1511; x_wconf 89' lang='lat' dir='ltr'>convenire.</span> <span class='ocrx_word' id='word_1_56' title='bbox 696 1447 889 1525; x_wconf 87' lang='lat' dir='ltr'>conantibus,</span> <span class='ocrx_word' id='word_1_57' title='bbox 907 1448 1088 1533; x_wconf 88' lang='lat' dir='ltr'>priusquam</span> 
     </span>
     <span class='ocr_line' id='line_1_9' title="bbox 63 1541 1088 1626; baseline 0.003 -21"><span class='ocrx_word' id='word_1_58' title='bbox 63 1541 99 1605; x_wconf 92' lang='lat' dir='ltr'>id</span> <span class='ocrx_word' id='word_1_59' title='bbox 121 1541 206 1605; x_wconf 86' lang='lat' dir='ltr'>effici</span> <span class='ocrx_word' id='word_1_60' title='bbox 227 1551 349 1626; x_wconf 87' lang='lat' dir='ltr'>posset,</span> <span class='ocrx_word' id='word_1_61' title='bbox 377 1541 489 1606; x_wconf 88' lang='lat' dir='ltr'>adesse</span> <span class='ocrx_word' id='word_1_62' title='bbox 510 1541 672 1606; x_wconf 88' lang='lat' dir='ltr'>Romanos</span> <span class='ocrx_word' id='word_1_63' title='bbox 697 1542 864 1607; x_wconf 88' lang='lat' dir='ltr'>nuntiatur.</span> <span class='ocrx_word' id='word_1_64' title='bbox 913 1545 1088 1608; x_wconf 88' lang='lat' dir='ltr'>necessario</span> 
     </span>
     <span class='ocr_line' id='line_1_10' title="bbox 64 1634 1167 1720; baseline 0 -19"><span class='ocrx_word' id='word_1_65' title='bbox 64 1636 223 1701; x_wconf 84' lang='lat' dir='ltr'>sententia</span> <span class='ocrx_word' id='word_1_66' title='bbox 243 1634 398 1699; x_wconf 88' lang='lat' dir='ltr'>desistunt</span> <span class='ocrx_word' id='word_1_67' title='bbox 419 1634 602 1720; x_wconf 86' lang='lat' dir='ltr'>legatosque</span> <span class='ocrx_word' id='word_1_68' title='bbox 624 1636 811 1720; x_wconf 87' lang='lat' dir='ltr'>deprecandi</span> <span class='ocrx_word' id='word_1_69' title='bbox 832 1657 928 1701; x_wconf 90' lang='lat' dir='ltr'>causa</span> <span class='ocrx_word' id='word_1_70' title='bbox 949 1637 990 1700; x_wconf 86' lang='lat' dir='ltr'>ad</span> <span class='ocrx_word' id='word_1_71' title='bbox 1008 1634 1089 1702; x_wconf 88' lang='lat' dir='ltr'>Cae·</span> <span class='ocrx_word' id='word_1_72' title='bbox 1165 1643 1167 1648; x_wconf 85' lang='lat'>&#39;</span> 
     </span>
     <span class='ocr_line' id='line_1_11' title="bbox 64 1728 1088 1814; baseline 0.002 -20"><span class='ocrx_word' id='word_1_73' title='bbox 64 1750 171 1794; x_wconf 87' lang='lat' dir='ltr'>sarem</span> <span class='ocrx_word' id='word_1_74' title='bbox 192 1728 332 1793; x_wconf 86' lang='lat' dir='ltr'>mittunt:</span> <span class='ocrx_word' id='word_1_75' title='bbox 359 1729 474 1793; x_wconf 88' lang='lat' dir='ltr'>adeunt</span> <span class='ocrx_word' id='word_1_76' title='bbox 495 1751 551 1813; x_wconf 91' lang='lat' dir='ltr'>por</span> <span class='ocrx_word' id='word_1_77' title='bbox 571 1729 738 1807; x_wconf 89' lang='lat' dir='ltr'>Haeduos,</span> <span class='ocrx_word' id='word_1_78' title='bbox 766 1752 897 1814; x_wconf 90' lang='lat' dir='ltr'>quorum</span> <span class='ocrx_word' id='word_1_79' title='bbox 919 1730 1088 1814; x_wconf 90' lang='lat' dir='ltr'>antiquitus</span> 
     </span>
     <span class='ocr_line' id='line_1_12' title="bbox 65 1821 1088 1909; baseline 0.002 -22"><span class='ocrx_word' id='word_1_80' title='bbox 65 1832 135 1887; x_wconf 87' lang='lat' dir='ltr'>erat</span> <span class='ocrx_word' id='word_1_81' title='bbox 155 1822 189 1886; x_wconf 91' lang='lat' dir='ltr'>iu</span> <span class='ocrx_word' id='word_1_82' title='bbox 210 1822 273 1885; x_wconf 86' lang='lat' dir='ltr'>fide</span> <span class='ocrx_word' id='word_1_83' title='bbox 294 1821 414 1886; x_wconf 86' lang='lat' dir='ltr'>civitas.</span> <span class='ocrx_word' id='word_1_84' title='bbox 458 1821 590 1887; x_wconf 89' lang='lat' dir='ltr'>libenter</span> <span class='ocrx_word' id='word_1_85' title='bbox 608 1821 727 1889; x_wconf 89' lang='lat' dir='ltr'>Caesar</span> <span class='ocrx_word' id='word_1_86' title='bbox 747 1823 923 1909; x_wconf 89' lang='lat' dir='ltr'>petentibus</span> <span class='ocrx_word' id='word_1_87' title='bbox 945 1822 1088 1889; x_wconf 88' lang='lat' dir='ltr'>Haeduis</span> 
     </span>
     <span class='ocr_line' id='line_1_13' title="bbox 64 1914 1089 2002; baseline 0.002 -23"><span class='ocrx_word' id='word_1_88' title='bbox 64 1916 121 1980; x_wconf 85' lang='lat' dir='ltr'>dat</span> <span class='ocrx_word' id='word_1_89' title='bbox 137 1914 264 1979; x_wconf 85' lang='lat' dir='ltr'>veniam</span> <span class='ocrx_word' id='word_1_90' title='bbox 281 1915 576 2000; x_wconf 84' lang='lat' dir='ltr'>excusationemque</span> <span class='ocrx_word' id='word_1_91' title='bbox 595 1917 721 2002; x_wconf 87' lang='lat' dir='ltr'>accipit,</span> <span class='ocrx_word' id='word_1_92' title='bbox 740 1917 824 2001; x_wconf 91' lang='lat' dir='ltr'>quod</span> <span class='ocrx_word' id='word_1_93' title='bbox 841 1918 994 1982; x_wconf 88' lang='lat' dir='ltr'>aestivum</span> <span class='ocrx_word' id='word_1_94' title='bbox 1011 1927 1089 1982; x_wconf 92' lang='lat' dir='ltr'>tem·</span> 
     </span>
     <span class='ocr_line' id='line_1_14' title="bbox 63 2008 1089 2094; baseline 0.001 -20"><span class='ocrx_word' id='word_1_95' title='bbox 63 2031 126 2094; x_wconf 88' lang='lat' dir='ltr'>pus</span> <span class='ocrx_word' id='word_1_96' title='bbox 144 2008 289 2074; x_wconf 88' lang='lat' dir='ltr'>instantis</span> <span class='ocrx_word' id='word_1_97' title='bbox 307 2008 395 2085; x_wconf 85' lang='lat' dir='ltr'>belli,</span> <span class='ocrx_word' id='word_1_98' title='bbox 413 2033 475 2074; x_wconf 90' lang='lat' dir='ltr'>non</span> <span class='ocrx_word' id='word_1_99' title='bbox 493 2010 685 2093; x_wconf 86' lang='lat' dir='ltr'>quaestionis</span> <span class='ocrx_word' id='word_1_100' title='bbox 704 2033 774 2077; x_wconf 90' lang='lat' dir='ltr'>esse</span> <span class='ocrx_word' id='word_1_101' title='bbox 791 2010 964 2076; x_wconf 89' lang='lat' dir='ltr'>arbitratur.</span> <span class='ocrx_word' id='word_1_102' title='bbox 1004 2010 1089 2087; x_wconf 86' lang='lat' dir='ltr'>obsi-</span> 
     </span>
     <span class='ocr_line' id='line_1_15' title="bbox 64 2104 1087 2189; baseline -0.001 -20"><span class='ocrx_word' id='word_1_103' title='bbox 64 2104 161 2170; x_wconf 87' lang='lat' dir='ltr'>dibus</span> <span class='ocrx_word' id='word_1_104' title='bbox 178 2104 338 2189; x_wconf 88' lang='lat' dir='ltr'>imperutis</span> <span class='ocrx_word' id='word_1_105' title='bbox 363 2115 489 2169; x_wconf 91' lang='lat' dir='ltr'>centum</span> <span class='ocrx_word' id='word_1_106' title='bbox 510 2104 567 2169; x_wconf 93' lang='lat' dir='ltr'>hos</span> <span class='ocrx_word' id='word_1_107' title='bbox 585 2104 730 2170; x_wconf 86' lang='lat' dir='ltr'>Haeduis</span> <span class='ocrx_word' id='word_1_108' title='bbox 748 2106 967 2172; x_wconf 89' lang='lat' dir='ltr'>custodiendos</span> <span class='ocrx_word' id='word_1_109' title='bbox 985 2105 1087 2171; x_wconf 92' lang='lat' dir='ltr'>tradit.</span> 
     </span>
     <span class='ocr_line' id='line_1_16' title="bbox 65 2196 1089 2286; baseline 0 -22"><span class='ocrx_word' id='word_1_110' title='bbox 65 2199 179 2264; x_wconf 89' lang='lat' dir='ltr'>eodem</span> <span class='ocrx_word' id='word_1_111' title='bbox 197 2196 353 2264; x_wconf 89' lang='lat' dir='ltr'>Carnutes</span> <span class='ocrx_word' id='word_1_112' title='bbox 370 2198 491 2285; x_wconf 86' lang='lat' dir='ltr'>legatos</span> <span class='ocrx_word' id='word_1_113' title='bbox 510 2198 697 2285; x_wconf 88' lang='lat' dir='ltr'>obsidesque</span> <span class='ocrx_word' id='word_1_114' title='bbox 714 2201 851 2279; x_wconf 88' lang='lat' dir='ltr'>mittunt,</span> <span class='ocrx_word' id='word_1_115' title='bbox 876 2201 925 2265; x_wconf 92' lang='lat' dir='ltr'>usi</span> <span class='ocrx_word' id='word_1_116' title='bbox 943 2200 1089 2286; x_wconf 89' lang='lat' dir='ltr'>depreea-</span> 
     </span>
     <span class='ocr_line' id='line_1_17' title="bbox 66 2292 1089 2376; baseline -0.003 -17"><span class='ocrx_word' id='word_1_117' title='bbox 66 2292 188 2359; x_wconf 90' lang='lat' dir='ltr'>toribus</span> <span class='ocrx_word' id='word_1_118' title='bbox 204 2292 329 2370; x_wconf 86' lang='lat' dir='ltr'>Remis,</span> <span class='ocrx_word' id='word_1_119' title='bbox 357 2315 489 2376; x_wconf 91' lang='lat' dir='ltr'>quorum</span> <span class='ocrx_word' id='word_1_120' title='bbox 512 2303 599 2358; x_wconf 88' lang='lat' dir='ltr'>erant</span> <span class='ocrx_word' id='word_1_121' title='bbox 620 2294 652 2357; x_wconf 93' lang='lat' dir='ltr'>iu</span> <span class='ocrx_word' id='word_1_122' title='bbox 671 2294 826 2359; x_wconf 84' lang='lat' dir='ltr'>clientela:</span> <span class='ocrx_word' id='word_1_123' title='bbox 854 2295 963 2360; x_wconf 89' lang='lat' dir='ltr'>eadem</span> <span class='ocrx_word' id='word_1_124' title='bbox 985 2294 1089 2358; x_wconf 88' lang='lat' dir='ltr'>serunt</span> 
     </span>
     <span class='ocr_line' id='line_1_18' title="bbox 66 2385 1089 2474; baseline -0.001 -23"><span class='ocrx_word' id='word_1_125' title='bbox 66 2409 229 2473; x_wconf 88' lang='lat' dir='ltr'>responsa.</span> <span class='ocrx_word' id='word_1_126' title='bbox 272 2387 394 2473; x_wconf 84' lang='lat' dir='ltr'>peragit</span> <span class='ocrx_word' id='word_1_127' title='bbox 419 2386 584 2452; x_wconf 91' lang='lat' dir='ltr'>concilium</span> <span class='ocrx_word' id='word_1_128' title='bbox 607 2385 726 2453; x_wconf 83' lang='lat' dir='ltr'>Caesar</span> <span class='ocrx_word' id='word_1_129' title='bbox 751 2388 932 2473; x_wconf 90' lang='lat' dir='ltr'>equitesque</span> <span class='ocrx_word' id='word_1_130' title='bbox 957 2387 1089 2474; x_wconf 91' lang='lat' dir='ltr'>imperat</span> 
     </span>
     <span class='ocr_line' id='line_1_19' title="bbox 68 2479 1122 2568; baseline -0.002 -22"><span class='ocrx_word' id='word_1_131' title='bbox 68 2479 256 2546; x_wconf 82' lang='lat' dir='ltr'>civitatibus.</span> <span class='ocrx_word' id='word_1_132' title='bbox 300 2480 360 2545; x_wconf 87' lang='lat' dir='ltr'>hac</span> <span class='ocrx_word' id='word_1_133' title='bbox 381 2493 468 2565; x_wconf 88' lang='lat' dir='ltr'>parte</span> <span class='ocrx_word' id='word_1_134' title='bbox 491 2479 613 2546; x_wconf 87' lang='lat' dir='ltr'>Galliae</span> <span class='ocrx_word' id='word_1_135' title='bbox 634 2496 746 2568; x_wconf 88' lang='lat' dir='ltr'>pacata</span> <span class='ocrx_word' id='word_1_136' title='bbox 766 2492 850 2547; x_wconf 89' lang='lat' dir='ltr'>totus</span> <span class='ocrx_word' id='word_1_137' title='bbox 872 2492 904 2546; x_wconf 92' lang='lat' dir='ltr'>et</span> <span class='ocrx_word' id='word_1_138' title='bbox 928 2492 1032 2547; x_wconf 91' lang='lat' dir='ltr'>mente</span> <span class='ocrx_word' id='word_1_139' title='bbox 1058 2489 1122 2544; x_wconf 82' lang='lat' dir='ltr'>ets</span> 
     </span>
     <span class='ocr_line' id='line_1_20' title="bbox 69 2573 1090 2663; baseline 0.001 -23"><span class='ocrx_word' id='word_1_140' title='bbox 69 2575 174 2640; x_wconf 90' lang='lat' dir='ltr'>auimo</span> <span class='ocrx_word' id='word_1_141' title='bbox 190 2575 226 2641; x_wconf 92' lang='lat' dir='ltr'>in</span> <span class='ocrx_word' id='word_1_142' title='bbox 242 2573 360 2639; x_wconf 85' lang='lat' dir='ltr'>bellurn</span> <span class='ocrx_word' id='word_1_143' title='bbox 378 2575 584 2641; x_wconf 87' lang='lat' dir='ltr'>Treverorum</span> <span class='ocrx_word' id='word_1_144' title='bbox 607 2587 638 2640; x_wconf 92' lang='lat' dir='ltr'>et</span> <span class='ocrx_word' id='word_1_145' title='bbox 655 2575 849 2663; x_wconf 87' lang='lat' dir='ltr'>Ambiorigis</span> <span class='ocrx_word' id='word_1_146' title='bbox 867 2577 990 2643; x_wconf 79' lang='lat' dir='ltr'>insistit</span> <span class='ocrx_word' id='word_1_147' title='bbox 1027 2575 1090 2642; x_wconf 88' lang='lat' dir='ltr'>Ca-</span> 
     </span>
     <span class='ocr_line' id='line_1_21' title="bbox 68 2667 1090 2755; baseline 0.001 -22"><span class='ocrx_word' id='word_1_148' title='bbox 68 2668 212 2733; x_wconf 84' lang='lat' dir='ltr'>rarinum</span> <span class='ocrx_word' id='word_1_149' title='bbox 229 2690 301 2733; x_wconf 92' lang='lat' dir='ltr'>cum</span> <span class='ocrx_word' id='word_1_150' title='bbox 319 2670 457 2752; x_wconf 86' lang='lat' dir='ltr'>equitatu</span> <span class='ocrx_word' id='word_1_151' title='bbox 472 2667 632 2735; x_wconf 88' lang='lat' dir='ltr'>Senonum</span> <span class='ocrx_word' id='word_1_152' title='bbox 650 2692 757 2735; x_wconf 90' lang='lat' dir='ltr'>seeum</span> <span class='ocrx_word' id='word_1_153' title='bbox 771 2670 924 2755; x_wconf 89' lang='lat' dir='ltr'>proficisci</span> <span class='ocrx_word' id='word_1_154' title='bbox 937 2669 1032 2745; x_wconf 90' lang='lat' dir='ltr'>iubet,</span> <span class='ocrx_word' id='word_1_155' title='bbox 1050 2692 1090 2734; x_wconf 89' lang='lat' dir='ltr'>ne</span> 
     </span>
     <span class='ocr_line' id='line_1_22' title="bbox 70 2764 1089 2849; baseline -0.001 -21"><span class='ocrx_word' id='word_1_156' title='bbox 70 2764 139 2849; x_wconf 91' lang='lat' dir='ltr'>quis</span> <span class='ocrx_word' id='word_1_157' title='bbox 160 2773 215 2828; x_wconf 88' lang='lat' dir='ltr'>aut</span> <span class='ocrx_word' id='word_1_158' title='bbox 237 2786 277 2828; x_wconf 88' lang='lat' dir='ltr'>ex</span> <span class='ocrx_word' id='word_1_159' title='bbox 299 2764 391 2828; x_wconf 92' lang='lat' dir='ltr'>huius</span> <span class='ocrx_word' id='word_1_160' title='bbox 409 2765 581 2842; x_wconf 74' lang='lat' dir='ltr'>uacuudia,</span> <span class='ocrx_word' id='word_1_161' title='bbox 609 2773 663 2829; x_wconf 90' lang='lat' dir='ltr'>aut</span> <span class='ocrx_word' id='word_1_162' title='bbox 680 2786 720 2829; x_wconf 86' lang='lat' dir='ltr'>ex</span> <span class='ocrx_word' id='word_1_163' title='bbox 742 2786 793 2842; x_wconf 88' lang='lat' dir='ltr'>eo,</span> <span class='ocrx_word' id='word_1_164' title='bbox 820 2764 904 2848; x_wconf 94' lang='lat' dir='ltr'>quod</span> <span class='ocrx_word' id='word_1_165' title='bbox 927 2774 1089 2839; x_wconf 86' lang='lat' dir='ltr'>meruerat,</span> 
     </span>
     <span class='ocr_line' id='line_1_23' title="bbox 71 2856 1091 2939; baseline -0.004 -16"><span class='ocrx_word' id='word_1_166' title='bbox 71 2858 140 2923; x_wconf 73' lang='lat' dir='ltr'>atio</span> <span class='ocrx_word' id='word_1_167' title='bbox 156 2858 292 2923; x_wconf 83' lang='lat' dir='ltr'>civitatis</span> <span class='ocrx_word' id='word_1_168' title='bbox 310 2869 413 2923; x_wconf 90' lang='lat' dir='ltr'>motus</span> <span class='ocrx_word' id='word_1_169' title='bbox 432 2858 571 2922; x_wconf 85' lang='lat' dir='ltr'>exsistat.</span> <span class='ocrx_word' id='word_1_170' title='bbox 615 2858 664 2923; x_wconf 91' lang='lat' dir='ltr'>his</span> <span class='ocrx_word' id='word_1_171' title='bbox 682 2856 776 2923; x_wconf 89' lang='lat' dir='ltr'>rebus</span> <span class='ocrx_word' id='word_1_172' title='bbox 795 2857 983 2934; x_wconf 86' lang='lat' dir='ltr'>constitutis,</span> <span class='ocrx_word' id='word_1_173' title='bbox 1006 2856 1091 2939; x_wconf 91' lang='lat' dir='ltr'>quod</span> 
     </span>
     <span class='ocr_line' id='line_1_24' title="bbox 73 2950 1090 3038; baseline -0.001 -23"><span class='ocrx_word' id='word_1_174' title='bbox 73 2971 127 3035; x_wconf 93' lang='lat' dir='ltr'>pro</span> <span class='ocrx_word' id='word_1_175' title='bbox 143 2950 304 3037; x_wconf 88' lang='lat' dir='ltr'>explorato</span> <span class='ocrx_word' id='word_1_176' title='bbox 320 2950 456 3017; x_wconf 89' lang='lat' dir='ltr'>habebat</span> <span class='ocrx_word' id='word_1_177' title='bbox 472 2951 690 3037; x_wconf 81' lang='lat' dir='ltr'>Ambiorigem</span> <span class='ocrx_word' id='word_1_178' title='bbox 707 2951 825 3038; x_wconf 89' lang='lat' dir='ltr'>proelio</span> <span class='ocrx_word' id='word_1_179' title='bbox 842 2974 905 3016; x_wconf 91' lang='lat' dir='ltr'>non</span> <span class='ocrx_word' id='word_1_180' title='bbox 923 2972 993 3016; x_wconf 89' lang='lat' dir='ltr'>esse</span> <span class='ocrx_word' id='word_1_181' title='bbox 1017 2971 1090 3015; x_wconf 93' lang='lat' dir='ltr'>con·</span> 
     </span>
     <span class='ocr_line' id='line_1_25' title="bbox 76 3044 1088 3130; baseline -0.002 -20"><span class='ocrx_word' id='word_1_182' title='bbox 76 3053 273 3124; x_wconf 82' lang='lat' dir='ltr'>certaturum,</span> <span class='ocrx_word' id='word_1_183' title='bbox 299 3046 419 3130; x_wconf 89' lang='lat' dir='ltr'>reliqua</span> <span class='ocrx_word' id='word_1_184' title='bbox 440 3046 507 3112; x_wconf 92' lang='lat' dir='ltr'>eius</span> <span class='ocrx_word' id='word_1_185' title='bbox 530 3047 661 3112; x_wconf 90' lang='lat' dir='ltr'>consilia</span> <span class='ocrx_word' id='word_1_186' title='bbox 682 3046 785 3112; x_wconf 91' lang='lat' dir='ltr'>animo</span> <span class='ocrx_word' id='word_1_187' title='bbox 812 3044 1088 3130; x_wconf 89' lang='lat' dir='ltr'>circumspiciebat.</span> 
     </span>
     <span class='ocr_line' id='line_1_26' title="bbox 77 3138 1089 3225; baseline 0.001 -23"><span class='ocrx_word' id='word_1_188' title='bbox 77 3149 157 3202; x_wconf 86' lang='lat' dir='ltr'>erant</span> <span class='ocrx_word' id='word_1_189' title='bbox 171 3138 315 3225; x_wconf 83' lang='lat' dir='ltr'>Menapii</span> <span class='ocrx_word' id='word_1_190' title='bbox 332 3140 497 3225; x_wconf 91' lang='lat' dir='ltr'>propinqui</span> <span class='ocrx_word' id='word_1_191' title='bbox 514 3139 700 3205; x_wconf 87' lang='lat' dir='ltr'>Eburonum</span> <span class='ocrx_word' id='word_1_192' title='bbox 717 3139 841 3217; x_wconf 89' lang='lat' dir='ltr'>finibus,</span> <span class='ocrx_word' id='word_1_193' title='bbox 859 3139 1016 3225; x_wconf 87' lang='lat' dir='ltr'>perpetuis</span> <span class='ocrx_word' id='word_1_194' title='bbox 1033 3161 1089 3225; x_wconf 91' lang='lat' dir='ltr'>pa·</span> 
     </span>
     <span class='ocr_line' id='line_1_27' title="bbox 77 3228 1089 3320; baseline 0.003 -25"><span class='ocrx_word' id='word_1_195' title='bbox 77 3228 194 3298; x_wconf 90' lang='lat' dir='ltr'>ludibus</span> <span class='ocrx_word' id='word_1_196' title='bbox 217 3234 367 3317; x_wconf 88' lang='lat' dir='ltr'>silvisque</span> <span class='ocrx_word' id='word_1_197' title='bbox 389 3235 513 3312; x_wconf 89' lang='lat' dir='ltr'>muniti,</span> <span class='ocrx_word' id='word_1_198' title='bbox 541 3235 596 3319; x_wconf 93' lang='lat' dir='ltr'>qui</span> <span class='ocrx_word' id='word_1_199' title='bbox 617 3236 672 3300; x_wconf 91' lang='lat' dir='ltr'>uni</span> <span class='ocrx_word' id='word_1_200' title='bbox 698 3258 737 3300; x_wconf 84' lang='lat' dir='ltr'>ex</span> <span class='ocrx_word' id='word_1_201' title='bbox 760 3233 864 3300; x_wconf 80' lang='lat' dir='ltr'>Galba</span> <span class='ocrx_word' id='word_1_202' title='bbox 885 3234 924 3299; x_wconf 93' lang='lat' dir='ltr'>de</span> <span class='ocrx_word' id='word_1_203' title='bbox 949 3256 1027 3320; x_wconf 90' lang='lat' dir='ltr'>paee</span> <span class='ocrx_word' id='word_1_204' title='bbox 1049 3234 1089 3298; x_wconf 92' lang='lat' dir='ltr'>ad</span> 
     </span>
     <span class='ocr_line' id='line_1_28' title="bbox 79 3320 1090 3413; baseline 0.003 -24"><span class='ocrx_word' id='word_1_205' title='bbox 79 3320 240 3391; x_wconf 87' lang='lat' dir='ltr'>Caesarem</span> <span class='ocrx_word' id='word_1_206' title='bbox 257 3324 378 3413; x_wconf 85' lang='lat' dir='ltr'>legatos</span> <span class='ocrx_word' id='word_1_207' title='bbox 396 3350 566 3411; x_wconf 87' lang='lat' dir='ltr'>numquam</span> <span class='ocrx_word' id='word_1_208' title='bbox 585 3328 741 3394; x_wconf 89' lang='lat' dir='ltr'>miserant.</span> <span class='ocrx_word' id='word_1_209' title='bbox 786 3351 857 3392; x_wconf 90' lang='lat' dir='ltr'>eum</span> <span class='ocrx_word' id='word_1_210' title='bbox 878 3327 927 3392; x_wconf 88' lang='lat' dir='ltr'>his</span> <span class='ocrx_word' id='word_1_211' title='bbox 946 3349 1016 3393; x_wconf 91' lang='lat' dir='ltr'>esse</span> <span class='ocrx_word' id='word_1_212' title='bbox 1032 3327 1090 3392; x_wconf 93' lang='lat' dir='ltr'>ho·</span> 
     </span>
     <span class='ocr_line' id='line_1_29' title="bbox 80 3418 1089 3509; baseline 0.004 -28"><span class='ocrx_word' id='word_1_213' title='bbox 80 3418 197 3502; x_wconf 85' lang='lat' dir='ltr'>spitium</span> <span class='ocrx_word' id='word_1_214' title='bbox 223 3419 402 3507; x_wconf 84' lang='lat' dir='ltr'>Ambiorigi</span> <span class='ocrx_word' id='word_1_215' title='bbox 428 3421 560 3499; x_wconf 87' lang='lat' dir='ltr'>sciebat3</span> <span class='ocrx_word' id='word_1_216' title='bbox 591 3422 666 3486; x_wconf 91' lang='lat' dir='ltr'>item</span> <span class='ocrx_word' id='word_1_217' title='bbox 695 3445 753 3509; x_wconf 89' lang='lat' dir='ltr'>per</span> <span class='ocrx_word' id='word_1_218' title='bbox 782 3421 935 3486; x_wconf 89' lang='lat' dir='ltr'>Treveros</span> <span class='ocrx_word' id='word_1_219' title='bbox 967 3421 1089 3486; x_wconf 87' lang='lat' dir='ltr'>venisse</span> 
     </span>
     <span class='ocr_line' id='line_1_30' title="bbox 81 3506 1090 3602; baseline 0 -24"><span class='ocrx_word' id='word_1_220' title='bbox 81 3506 238 3579; x_wconf 85' lang='lat' dir='ltr'>Germanis</span> <span class='ocrx_word' id='word_1_221' title='bbox 261 3514 294 3578; x_wconf 92' lang='lat' dir='ltr'>in</span> <span class='ocrx_word' id='word_1_222' title='bbox 320 3515 488 3579; x_wconf 88' lang='lat' dir='ltr'>amicitiam</span> <span class='ocrx_word' id='word_1_223' title='bbox 513 3527 711 3602; x_wconf 89' lang='lat' dir='ltr'>cognoverat.</span> <span class='ocrx_word' id='word_1_224' title='bbox 754 3515 832 3581; x_wconf 90' lang='lat' dir='ltr'>haec</span> <span class='ocrx_word' id='word_1_225' title='bbox 858 3516 944 3601; x_wconf 87' lang='lat' dir='ltr'>prius</span> <span class='ocrx_word' id='word_1_226' title='bbox 969 3514 1015 3578; x_wconf 92' lang='lat' dir='ltr'>illi</span> <span class='ocrx_word' id='word_1_227' title='bbox 1037 3514 1090 3578; x_wconf 92' lang='lat' dir='ltr'>de-</span> 
     </span>
     <span class='ocr_line' id='line_1_31' title="bbox 80 3605 1089 3694; baseline -0.001 -23"><span class='ocrx_word' id='word_1_228' title='bbox 80 3605 221 3672; x_wconf 85' lang='lat' dir='ltr'>trahenda</span> <span class='ocrx_word' id='word_1_229' title='bbox 233 3608 350 3672; x_wconf 87' lang='lat' dir='ltr'>auxilia</span> <span class='ocrx_word' id='word_1_230' title='bbox 363 3609 570 3687; x_wconf 83' lang='lat' dir='ltr'>existimabat,</span> <span class='ocrx_word' id='word_1_231' title='bbox 590 3631 684 3693; x_wconf 88' lang='lat' dir='ltr'>quam</span> <span class='ocrx_word' id='word_1_232' title='bbox 697 3610 801 3694; x_wconf 92' lang='lat' dir='ltr'>ipsum</span> <span class='ocrx_word' id='word_1_233' title='bbox 813 3608 895 3674; x_wconf 91' lang='lat' dir='ltr'>bello</span> <span class='ocrx_word' id='word_1_234' title='bbox 912 3608 1089 3681; x_wconf 85' lang='lat' dir='ltr'>lacesseret,</span> 
     </span>
     <span class='ocr_line' id='line_1_32' title="bbox 79 3698 1090 3787; baseline 0.002 -26"><span class='ocrx_word' id='word_1_235' title='bbox 79 3719 113 3763; x_wconf 88' lang='lat' dir='ltr'>ue</span> <span class='ocrx_word' id='word_1_236' title='bbox 128 3698 292 3787; x_wconf 84' lang='lat' dir='ltr'>desperata</span> <span class='ocrx_word' id='word_1_237' title='bbox 310 3701 409 3766; x_wconf 89' lang='lat' dir='ltr'>salute</span> <span class='ocrx_word' id='word_1_238' title='bbox 426 3711 480 3766; x_wconf 89' lang='lat' dir='ltr'>aut</span> <span class='ocrx_word' id='word_1_239' title='bbox 503 3725 538 3767; x_wconf 91' lang='lat' dir='ltr'>se</span> <span class='ocrx_word' id='word_1_240' title='bbox 560 3703 593 3766; x_wconf 93' lang='lat' dir='ltr'>iu</span> <span class='ocrx_word' id='word_1_241' title='bbox 610 3702 777 3787; x_wconf 87' lang='lat' dir='ltr'>Menapios</span> <span class='ocrx_word' id='word_1_242' title='bbox 799 3701 926 3767; x_wconf 90' lang='lat' dir='ltr'>abderet</span> <span class='ocrx_word' id='word_1_243' title='bbox 947 3710 1001 3764; x_wconf 90' lang='lat' dir='ltr'>aut</span> <span class='ocrx_word' id='word_1_244' title='bbox 1019 3722 1090 3765; x_wconf 84' lang='lat' dir='ltr'>cunr</span> 
     </span>
     <span class='ocr_line' id='line_1_33' title="bbox 79 3790 1091 3883; baseline 0.001 -26"><span class='ocrx_word' id='word_1_245' title='bbox 79 3790 321 3860; x_wconf 81' lang='lat' dir='ltr'>Transrhenanis</span> <span class='ocrx_word' id='word_1_246' title='bbox 340 3797 487 3882; x_wconf 88' lang='lat' dir='ltr'>congredi</span> <span class='ocrx_word' id='word_1_247' title='bbox 504 3807 675 3883; x_wconf 86' lang='lat' dir='ltr'>cogeretur.</span> <span class='ocrx_word' id='word_1_248' title='bbox 719 3796 780 3861; x_wconf 92' lang='lat' dir='ltr'>hoc</span> <span class='ocrx_word' id='word_1_249' title='bbox 800 3797 876 3861; x_wconf 92' lang='lat' dir='ltr'>inito</span> <span class='ocrx_word' id='word_1_250' title='bbox 898 3795 1026 3860; x_wconf 91' lang='lat' dir='ltr'>consilio</span> <span class='ocrx_word' id='word_1_251' title='bbox 1044 3803 1091 3858; x_wconf 89' lang='lat' dir='ltr'>to·</span> 
     </span>
     <span class='ocr_line' id='line_1_34' title="bbox 79 3886 1090 3975; baseline 0 -25"><span class='ocrx_word' id='word_1_252' title='bbox 79 3886 133 3953; x_wconf 86' lang='lat' dir='ltr'>tius</span> <span class='ocrx_word' id='word_1_253' title='bbox 145 3890 301 3955; x_wconf 83' lang='lat' dir='ltr'>exercitus</span> <span class='ocrx_word' id='word_1_254' title='bbox 315 3888 537 3975; x_wconf 90' lang='lat' dir='ltr'>impedimenta</span> <span class='ocrx_word' id='word_1_255' title='bbox 551 3892 592 3955; x_wconf 90' lang='lat' dir='ltr'>ad</span> <span class='ocrx_word' id='word_1_256' title='bbox 601 3891 778 3956; x_wconf 90' lang='lat' dir='ltr'>Labienum</span> <span class='ocrx_word' id='word_1_257' title='bbox 792 3891 824 3955; x_wconf 92' lang='lat' dir='ltr'>in</span> <span class='ocrx_word' id='word_1_258' title='bbox 834 3890 987 3955; x_wconf 87' lang='lat' dir='ltr'>Treveros</span> <span class='ocrx_word' id='word_1_259' title='bbox 997 3886 1090 3951; x_wconf 89' lang='lat' dir='ltr'>mittit</span> 
     </span>
     <span class='ocr_line' id='line_1_35' title="bbox 79 3978 1091 4072; baseline -0.003 -25"><span class='ocrx_word' id='word_1_260' title='bbox 79 3978 210 4068; x_wconf 58' lang='lat' dir='ltr'>&amp;nsque</span> <span class='ocrx_word' id='word_1_261' title='bbox 227 3983 367 4070; x_wconf 90' lang='lat' dir='ltr'>legiones</span> <span class='ocrx_word' id='word_1_262' title='bbox 385 3986 425 4049; x_wconf 90' lang='lat' dir='ltr'>ad</span> <span class='ocrx_word' id='word_1_263' title='bbox 443 4008 515 4049; x_wconf 90' lang='lat' dir='ltr'>eum</span> <span class='ocrx_word' id='word_1_264' title='bbox 530 3986 685 4072; x_wconf 87' lang='lat' dir='ltr'>proficisci</span> <span class='ocrx_word' id='word_1_265' title='bbox 701 3985 802 4062; x_wconf 90' lang='lat' dir='ltr'>iubet;</span> <span class='ocrx_word' id='word_1_266' title='bbox 820 3984 887 4069; x_wconf 90' lang='lat' dir='ltr'>ipse</span> <span class='ocrx_word' id='word_1_267' title='bbox 906 4005 977 4047; x_wconf 90' lang='lat' dir='ltr'>cum</span> <span class='ocrx_word' id='word_1_268' title='bbox 994 3981 1091 4066; x_wconf 90' lang='lat' dir='ltr'>legio-</span> 
     </span>
     <span class='ocr_line' id='line_1_36' title="bbox 77 4074 1090 4164; baseline -0.003 -23"><span class='ocrx_word' id='word_1_269' title='bbox 77 4074 161 4142; x_wconf 87' lang='lat' dir='ltr'>nibus</span> <span class='ocrx_word' id='word_1_270' title='bbox 188 4077 343 4164; x_wconf 87' lang='lat' dir='ltr'>expeditis</span> <span class='ocrx_word' id='word_1_271' title='bbox 370 4080 507 4163; x_wconf 91' lang='lat' dir='ltr'>quinque</span> <span class='ocrx_word' id='word_1_272' title='bbox 532 4080 566 4143; x_wconf 91' lang='lat' dir='ltr'>iu</span> <span class='ocrx_word' id='word_1_273' title='bbox 590 4078 757 4164; x_wconf 89' lang='lat' dir='ltr'>Menapios</span> <span class='ocrx_word' id='word_1_274' title='bbox 784 4077 997 4164; x_wconf 87' lang='lat' dir='ltr'>proficiscitur.</span> <span class='ocrx_word' id='word_1_275' title='bbox 1045 4075 1090 4140; x_wconf 92' lang='lat' dir='ltr'>illi</span> 
     </span>
     <span class='ocr_line' id='line_1_37' title="bbox 77 4169 1090 4258; baseline -0.001 -24"><span class='ocrx_word' id='word_1_276' title='bbox 77 4169 155 4236; x_wconf 87' lang='lat' dir='ltr'>nulla</span> <span class='ocrx_word' id='word_1_277' title='bbox 170 4180 281 4237; x_wconf 86' lang='lat' dir='ltr'>coacta</span> <span class='ocrx_word' id='word_1_278' title='bbox 298 4195 393 4237; x_wconf 92' lang='lat' dir='ltr'>manu</span> <span class='ocrx_word' id='word_1_279' title='bbox 409 4173 470 4237; x_wconf 89' lang='lat' dir='ltr'>loci</span> <span class='ocrx_word' id='word_1_280' title='bbox 487 4173 641 4258; x_wconf 88' lang='lat' dir='ltr'>praesidio</span> <span class='ocrx_word' id='word_1_281' title='bbox 659 4173 731 4237; x_wconf 87' lang='lat' dir='ltr'>freti</span> <span class='ocrx_word' id='word_1_282' title='bbox 744 4174 777 4236; x_wconf 88' lang='lat' dir='ltr'>in</span> <span class='ocrx_word' id='word_1_283' title='bbox 791 4172 884 4237; x_wconf 88' lang='lat' dir='ltr'>silvas</span> <span class='ocrx_word' id='word_1_284' title='bbox 898 4170 1090 4256; x_wconf 87' lang='lat' dir='ltr'>paludesque</span> 
     </span>
     <span class='ocr_line' id='line_1_38' title="bbox 77 4264 1123 4353; baseline 0.004 -25"><span class='ocrx_word' id='word_1_285' title='bbox 77 4264 257 4353; x_wconf 79' lang='lat' dir='ltr'>confugiunt</span> <span class='ocrx_word' id='word_1_286' title='bbox 271 4288 392 4350; x_wconf 90' lang='lat' dir='ltr'>suaque</span> <span class='ocrx_word' id='word_1_287' title='bbox 410 4267 521 4332; x_wconf 88' lang='lat' dir='ltr'>eodem</span> <span class='ocrx_word' id='word_1_288' title='bbox 538 4265 711 4331; x_wconf 88' lang='lat' dir='ltr'>conferunt.</span> <span class='ocrx_word' id='word_1_289' title='bbox 758 4265 876 4330; x_wconf 83' lang='lat' dir='ltr'>Caesar</span> <span class='ocrx_word' id='word_1_290' title='bbox 896 4265 1016 4350; x_wconf 85' lang='lat' dir='ltr'>partitis</span> <span class='ocrx_word' id='word_1_291' title='bbox 1038 4287 1091 4329; x_wconf 91' lang='lat' dir='ltr'>co-</span> <span class='ocrx_word' id='word_1_292' title='bbox 1109 4285 1123 4332; x_wconf 83' lang='grc'>6</span> 
     </span>
     <span class='ocr_line' id='line_1_39' title="bbox 46 4350 1089 4447; baseline -0.003 -22"><span class='ocrx_word' id='word_1_293' title='bbox 46 4350 52 4361; x_wconf 75' lang='grc'>’</span> <span class='ocrx_word' id='word_1_294' title='bbox 76 4358 131 4441; x_wconf 84' lang='lat' dir='ltr'>piis</span> <span class='ocrx_word' id='word_1_295' title='bbox 151 4382 224 4425; x_wconf 90' lang='lat' dir='ltr'>eum</span> <span class='ocrx_word' id='word_1_296' title='bbox 248 4356 330 4425; x_wconf 87' lang='lat' dir='ltr'>Gaio</span> <span class='ocrx_word' id='word_1_297' title='bbox 350 4359 452 4425; x_wconf 86' lang='lat' dir='ltr'>Fabio</span> <span class='ocrx_word' id='word_1_298' title='bbox 474 4360 578 4447; x_wconf 88' lang='lat' dir='ltr'>legato</span> <span class='ocrx_word' id='word_1_299' title='bbox 601 4370 632 4425; x_wconf 87' lang='lat' dir='ltr'>et</span> <span class='ocrx_word' id='word_1_300' title='bbox 652 4360 763 4426; x_wconf 90' lang='lat' dir='ltr'>Marco</span> <span class='ocrx_word' id='word_1_301' title='bbox 787 4359 903 4424; x_wconf 87' lang='lat' dir='ltr'>Crasso</span> <span class='ocrx_word' id='word_1_302' title='bbox 926 4369 1089 4443; x_wconf 89' lang='lat' dir='ltr'>quaestore</span> 
     </span>
     <span class='ocr_line' id='line_1_40' title="bbox 76 4450 1091 4539; baseline 0 -23"><span class='ocrx_word' id='word_1_303' title='bbox 76 4450 272 4539; x_wconf 80' lang='lat' dir='ltr'>celeriterque</span> <span class='ocrx_word' id='word_1_304' title='bbox 285 4453 404 4519; x_wconf 86' lang='lat' dir='ltr'>effectis</span> <span class='ocrx_word' id='word_1_305' title='bbox 417 4454 565 4539; x_wconf 91' lang='lat' dir='ltr'>pontibus</span> <span class='ocrx_word' id='word_1_306' title='bbox 579 4455 643 4519; x_wconf 90' lang='lat' dir='ltr'>adit</span> <span class='ocrx_word' id='word_1_307' title='bbox 657 4455 817 4539; x_wconf 65' lang='lat' dir='ltr'>tripertito</span> <span class='ocrx_word' id='word_1_308' title='bbox 836 4454 977 4518; x_wconf 90' lang='lat' dir='ltr'>aedificia</span> <span class='ocrx_word' id='word_1_309' title='bbox 989 4452 1091 4518; x_wconf 91' lang='lat' dir='ltr'>vicos-</span> 
     </span>
    </p>
   </div>
   <div class='ocr_carea' id='block_1_3' title="bbox 75 4547 1088 4694">
    <p class='ocr_par' dir='ltr' id='par_1_3' title="bbox 75 4547 1088 4694">
     <span class='ocr_line' id='line_1_41' title="bbox 75 4547 1088 4635; baseline 0.001 -24"><span class='ocrx_word' id='word_1_310' title='bbox 75 4565 130 4628; x_wconf 86' lang='lat' dir='ltr'>que</span> <span class='ocrx_word' id='word_1_311' title='bbox 138 4548 285 4627; x_wconf 83' lang='lat' dir='ltr'>incendit,</span> <span class='ocrx_word' id='word_1_312' title='bbox 299 4572 414 4635; x_wconf 88' lang='lat' dir='ltr'>magno</span> <span class='ocrx_word' id='word_1_313' title='bbox 422 4550 544 4635; x_wconf 90' lang='lat' dir='ltr'>pecoris</span> <span class='ocrx_word' id='word_1_314' title='bbox 554 4561 646 4634; x_wconf 91' lang='lat' dir='ltr'>atque</span> <span class='ocrx_word' id='word_1_315' title='bbox 655 4549 816 4614; x_wconf 90' lang='lat' dir='ltr'>homiuum</span> <span class='ocrx_word' id='word_1_316' title='bbox 826 4570 954 4613; x_wconf 89' lang='lat' dir='ltr'>numero</span> <span class='ocrx_word' id='word_1_317' title='bbox 963 4547 1088 4633; x_wconf 86' lang='lat' dir='ltr'>potitur.</span> 
     </span>
     <span class='ocr_line' id='line_1_42' title="bbox 121 4648 920 4694; baseline 0.004 -3"><span class='ocrx_word' id='word_1_318' title='bbox 121 4648 188 4692; x_wconf 72' lang='lat' dir='ltr'>lullus</span> <span class='ocrx_word' id='word_1_319' title='bbox 202 4650 291 4694; x_wconf 81' lang='lat' dir='ltr'>Caesar.</span> <span class='ocrx_word' id='word_1_320' title='bbox 905 4649 920 4694; x_wconf 80' lang='lat'><strong>7</strong></span> 
     </span>
    </p>
   </div>
   <div class='ocr_carea' id='block_1_4' title="bbox 0 0 1358 5206">
    <p class='ocr_par' dir='ltr' id='par_1_4' title="bbox 0 0 1358 5206">
     <span class='ocr_line' id='line_1_43' title="bbox 0 0 1358 5206; baseline 0 0"><span class='ocrx_word' id='word_1_321' title='bbox 0 0 1358 5206; x_wconf 95' lang='lat' dir='ltr'> </span> 
     </span>
    </p>
   </div>
  </div>
 </body>
</html>
