2738 5272
266 777 329 844 184
608 787 662 843 DE
678 786 806 844 BELLO
826 786 946 844 ClVILI

264 915 431 982 commisso
452 911 568 998 proelio
590 912 743 977 deseritur
763 933 784 975 a
805 909 870 975 suis
892 909 1011 975 Varus:
1037 909 1189 975 nonnulla
1215 933 1295 995 pars

264 1010 397 1073 militum
414 1007 542 1072 domum
559 1006 690 1071 discedit
695 1031 704 1083 ;
722 1003 832 1087 reliqui
850 1004 890 1069 ad
904 1002 1073 1068 Caesarem
1090 1005 1294 1089 perveniunt,

263 1112 357 1185 atque
374 1123 437 1166 una
458 1122 530 1165 eum
551 1100 590 1165 iis
612 1100 783 1185 deprensus
800 1098 842 1162 L.
860 1096 996 1182 Pupius,
1023 1098 1115 1182 primi
1134 1098 1193 1182 pili
1215 1120 1296 1163 een·

262 1196 356 1271 turio,
384 1193 560 1270 adducitur,
588 1193 642 1276 qui
663 1192 747 1256 hune
772 1190 905 1255 eundem
931 1191 1069 1255 ordinem
1091 1191 1125 1255 in
1146 1193 1293 1256 exercitu

264 1288 324 1354 Cn.
346 1287 478 1371 Pompei
501 1296 592 1351 antea
617 1286 756 1350 duxerat.
800 1295 833 1348 at
857 1283 975 1349 Caesar
1001 1284 1114 1349 milites
1135 1282 1293 1350 Attianos

264 1381 428 1459 collaudat,
446 1380 583 1466 Pupium
592 1379 726 1456 dimittit,
743 1377 967 1443 Auximatibus
981 1379 1047 1464 agit
1058 1378 1175 1464 gratias
1189 1400 1293 1464 seque

265 1498 371 1542 eorum
389 1474 463 1539 facti
480 1495 649 1538 memorem
667 1472 734 1537 fore
751 1471 922 1557 pollicetur.

214 1591 245 1638 rr
327 1567 451 1650 Quibus
478 1567 572 1634 rebus
589 1566 724 1634 Romam
745 1565 894 1630 nuntiatis
917 1575 1021 1630 tantus
1043 1575 1169 1651 repente
1188 1576 1293 1632 terror

262 1662 385 1739 invasit,
404 1671 448 1738 ut,
467 1683 537 1725 cum
555 1660 710 1727 Lentulus
728 1659 837 1724 consul
854 1659 895 1723 ad
912 1659 1113 1743 aperiendum
1131 1659 1291 1724 aerarium

263 1755 402 1820 venisset
418 1755 458 1820 ad
475 1754 639 1839 pecuniam
656 1753 809 1838 Pompeio
831 1775 871 1816 ex
894 1754 1162 1818 senatusconsulto
1180 1754 1292 1839 profe-

261 1849 405 1926 rendam,
427 1849 568 1934 protinus
586 1858 693 1932 aperto
711 1847 864 1911 sanctiore
886 1848 1003 1912 aerario
1021 1870 1061 1912 ex
1082 1847 1158 1912 urbe
1176 1849 1292 1933 prosu-

262 1953 359 2030 geret.
396 1941 515 2007 Caesar
532 1943 614 2006 enim
631 1942 798 2006 adventare
816 1942 1020 2025 iamiamque
1038 1952 1069 2006 et
1087 1942 1198 2007 adesse
1216 1942 1290 2007 eius

263 2038 384 2121 equites
410 2035 490 2101 falso
521 2035 750 2100 nuntiabantur.
795 2035 880 2100 hunc
905 2034 1075 2100 Marcellus
1107 2034 1228 2122 collega
1257 2047 1291 2100 et

262 2132 402 2217 plerique
420 2130 619 2216 magistratus
638 2129 797 2194 consecuti
816 2140 897 2194 sunt.
926 2129 986 2195 Cn.
1001 2130 1170 2215 Pompeius
1184 2129 1290 2214 pridie

263 2225 330 2290 eius
348 2222 410 2288 diei
427 2245 467 2288 ex
483 2222 561 2288 urbe
577 2223 735 2309 profectus
753 2223 812 2287 iter
828 2223 869 2287 ad
885 2223 1024 2309 legiones
1042 2223 1186 2300 habebat,
1205 2245 1289 2306 quas

263 2343 283 2384 a
305 2317 442 2384 Caesare
463 2329 606 2402 acceptas
632 2319 665 2382 in
685 2316 805 2402 Apulia
831 2318 1030 2383 hibernorum
1056 2341 1152 2383 causa
1177 2318 1290 2402 dispo-

263 2422 376 2477 suerat.
421 2411 559 2477 delectus
581 2412 663 2476 cirea
688 2411 797 2475 urbem
824 2412 1078 2478 intermittuntur:
1105 2411 1181 2476 nihil
1208 2413 1290 2475 citra

264 2505 406 2591 Capuam
429 2515 530 2570 tutum
552 2527 622 2571 esse
648 2504 792 2569 omnibus
818 2505 948 2569 videtur.
994 2505 1122 2590 Capuae
1148 2505 1289 2589 primum

264 2622 333 2666 sese
352 2598 534 2664 confirmant
551 2610 583 2665 et
600 2599 749 2685 colligunt
770 2599 986 2683 delectumque
1008 2600 1203 2674 colonorum,
1231 2598 1288 2681 qui

262 2695 333 2782 lege
350 2695 432 2759 lulia
450 2694 593 2781 Capuam
611 2695 735 2759 deducti
753 2704 853 2772 crant,
879 2693 994 2758 habere
1012 2695 1190 2770 instituunt;
1217 2693 1289 2778 gla-

262 2789 473 2873 diatoresque,
501 2811 579 2873 quos
598 2789 642 2853 ibi
661 2787 779 2854 Caesar
800 2789 833 2852 in
850 2788 924 2853 ludo
946 2787 1094 2865 habebat,
1122 2787 1162 2852 ad
1179 2786 1287 2851 forum

212 2940 217 2955 ,
262 2884 431 2968 productos
461 2883 617 2947 Lentulus
649 2905 705 2968 spe
735 2882 886 2947 libertatis
919 2882 1080 2946 confirmat
1110 2893 1202 2964 atque
1234 2881 1286 2944 his

263 2998 360 3060 equos
378 2976 517 3041 attribuit
535 2987 565 3040 et
583 2998 618 3041 se
636 2976 724 3059 sequi
742 2976 846 3052 iussit3
865 2998 945 3058 quos
962 2986 1073 3060 postea
1089 2976 1225 3040 monitus
1244 2974 1287 3038 ab

262 3071 338 3146 suis,
356 3070 440 3152 quod
457 3092 495 3134 ca
511 3092 561 3135 res
581 3070 719 3142 omnium
732 3070 845 3133 iudicio
857 3068 1148 3154 reprehendebatur,
1167 3069 1286 3132 circum

263 3163 396 3226 familias
419 3175 590 3227 conventus
609 3162 801 3247 Campaniae
823 3164 982 3228 custodiae
1004 3185 1100 3227 causa
1116 3161 1285 3226 distribuit.

214 3278 243 3324 15
262 3255 402 3321 Auximo
421 3255 540 3320 Caesar
557 3280 742 3343 progressus
764 3281 889 3322 omnem
912 3282 1022 3344 agrum
1039 3258 1191 3322 Picenum
1214 3279 1287 3343 per-

262 3349 365 3414 currit.
393 3360 522 3414 cunctae
540 3373 646 3414 carum
664 3351 826 3437 regionum
844 3352 1056 3436 praefecturae
1069 3351 1286 3417 libentissimis

262 3442 373 3508 animis
400 3465 472 3506 eum
497 3444 649 3528 recipiunt
675 3445 905 3528 exercitumque
929 3446 995 3510 eius
1022 3444 1165 3509 omnibus
1188 3445 1286 3510 rebus

261 3537 378 3601 iuvant
415 3537 508 3601 etiam
532 3537 682 3624 Cingulo,
709 3539 795 3621 quod
817 3540 966 3624 oppidum
983 3539 1146 3604 Labienus
1168 3540 1286 3604 consti-

261 3639 362 3695 tuerat
380 3653 498 3715 suaque
515 3633 648 3717 pecunia
665 3633 935 3710 exaedificaverat,
962 3634 1002 3697 ad
1024 3656 1096 3698 eum
1117 3633 1214 3719 legati
1232 3655 1287 3697 ve-

261 3725 351 3789 niunt
371 3747 514 3810 quaeque
536 3727 733 3812 imperaverit
756 3751 790 3792 se
812 3729 1012 3813 cupidissime
1034 3728 1172 3791 facturos
1193 3727 1286 3811 polli-

262 3829 379 3883 centur.
415 3820 527 3885 milites
546 3820 690 3907 imperat:
709 3822 843 3885 mittunt.
879 3822 995 3886 interea
1012 3822 1094 3906 legio
1112 3821 1184 3884 XII
1203 3819 1286 3885 Cae-

262 3935 364 3978 sarem
386 3914 594 3998 consequitur.
635 3938 706 3979 cum
732 3915 781 3980 his
807 3916 929 3980 duabus
953 3915 1108 3980 Asculum
1130 3914 1285 3978 Picenum

261 4007 474 4091 proficiscitur.
501 4009 534 4072 id
551 4009 700 4094 oppidum
717 4009 873 4074 Lentulus
889 4008 1037 4093 Spinther
1050 4009 1086 4073 X
1104 4009 1285 4074 cohortibus

263 4102 401 4180 tenebat3
419 4103 473 4186 qui
492 4103 638 4168 Caesaris
657 4104 793 4168 adventu
810 4104 935 4188 cognito
953 4104 1092 4189 profugit
1110 4126 1150 4167 cx
1167 4103 1286 4187 oppido

263 4194 468 4280 cohortesque
486 4219 591 4262 secum
609 4196 763 4262 abducere
781 4208 909 4262 conatus
923 4221 1038 4284 magna
1051 4209 1137 4282 parte
1151 4197 1286 4261 militum

263 4287 423 4353 deseritur.
459 4291 584 4359 relictus
602 4292 634 4355 in
651 4292 760 4357 itinere
778 4314 849 4356 oum
867 4293 975 4377 paucis
997 4293 1106 4357 incidit
1123 4292 1155 4355 in
1172 4290 1286 4355 Vibul-

263 4379 340 4444 lium
357 4381 477 4447 Rusum
499 4385 631 4449 missum
653 4409 672 4449 a
688 4386 840 4471 Pompeio
857 4387 890 4450 in
912 4411 1022 4472 agrum
1040 4387 1191 4450 Picenum
1210 4407 1287 4448 con-

263 4474 483 4541 firmandorum
502 4478 662 4544 hominum
680 4503 783 4545 causa.
815 4504 913 4564 aquo
931 4482 1032 4546 factus
1046 4479 1203 4544 Vibullius
1217 4500 1287 4542 cer-

264 4568 336 4647 tior,
354 4592 434 4654 quae
450 4592 501 4636 res
519 4572 552 4637 in
568 4573 686 4639 Piceno
703 4585 896 4660 gererentur,
915 4576 1028 4641 milites
1046 4574 1086 4639 ab
1104 4595 1141 4638 eo
1159 4572 1285 4658 accipit,
