2692 5206
429 781 546 839 contr.
564 782 617 838 111.
633 782 751 838 88-93.
1038 769 1100 835 277

77 929 152 972 cum
169 904 294 970 Libone
317 907 356 971 dc
378 905 535 971 mittendis
558 905 669 991 legatis
692 906 911 972 contendisset.
947 928 1049 991 neque
1067 927 1101 971 se

78 1022 229 1085 umquam
246 998 333 1064 abuti
350 1000 482 1065 militum
496 1000 648 1085 sanguine
661 1022 762 1083 neque
774 999 998 1085 rempublicam
1012 1000 1103 1066 alter-

77 1106 149 1160 utro
167 1093 305 1159 exercitu
322 1094 443 1179 privare
461 1094 607 1159 voluisse.
642 1094 702 1159 hac
719 1092 826 1159 habita
847 1094 985 1159 oratione
1007 1116 1102 1179 expo

78 1187 241 1255 scentibus
272 1187 421 1254 militibus
453 1198 484 1253 ct
518 1188 622 1252 studio
658 1210 783 1275 pugnae
817 1187 997 1253 ardentibus
1027 1188 1103 1253 tuba

78 1284 206 1369 signum
228 1282 322 1347 dedit.
362 1294 428 1347 erat
450 1281 614 1347 Crastinus
637 1292 785 1347 evocatus
807 1283 840 1346 in
862 1282 999 1346 exercitu
1021 1280 1102 1346 Cae·
1120 1300 1150 1348 91

23 1381 27 1391 '
78 1377 173 1454 saris,
199 1377 256 1460 qui
276 1377 433 1461 superiore
451 1398 533 1442 anno
550 1377 634 1461 apud
653 1399 725 1441 eum
742 1377 877 1462 primum
893 1377 993 1462 pilum
1008 1377 1041 1441 in
1059 1377 1102 1442 le-

77 1471 172 1557 gione
193 1469 232 1535 X
253 1469 398 1548 duxerat,
425 1471 473 1535 vir
494 1469 645 1556 singulari
666 1471 788 1535 virtute.
833 1470 884 1535 hic
906 1471 997 1557 signo
1018 1470 1101 1548 dato,

79 1563 262 1648 ‘sequimini
280 1563 354 1641 me,’
379 1565 493 1648 inquit,
522 1564 744 1649 ‘manipulares
767 1564 829 1629 mei
851 1563 905 1647 qui
926 1563 1044 1642 fuistis,
1071 1574 1102 1629 et

77 1668 184 1723 vestro
201 1658 378 1743 imperatori
395 1680 488 1742 quam
512 1658 716 1723 constituistis
738 1680 866 1743 operam
887 1657 968 1723 date.
1004 1680 1101 1723 unum

78 1752 138 1817 boc
154 1750 308 1837 proelium
326 1763 482 1837 superest;
501 1774 564 1835 quo
582 1751 725 1817 confecto
743 1761 774 1816 ct
790 1751 842 1816 ille
861 1774 950 1816 suam
969 1751 1102 1838 dignita-

79 1862 143 1911 tem
160 1855 193 1910 et
209 1867 268 1909 nos
285 1856 422 1911 nostram
439 1846 615 1911 libertatem
632 1845 905 1931 recuperabimus!
941 1846 1034 1912 simul
1054 1869 1103 1911 re-

80 1938 216 2024 spiciens
235 1936 417 2017 Caesarem,
438 1939 588 2017 ‘faciamss
606 1940 719 2025 inquit,
739 1940 855 2019 ‘hodie
874 1941 1050 2026 imperator,
1068 1950 1103 2004 ut

80 2042 134 2097 aut
150 2032 225 2098 vivo
241 2032 317 2097 mibi
329 2045 383 2098 aut
395 2045 518 2099 mortuo
531 2035 648 2121 gratias
663 2036 759 2122 agas?
784 2035 863 2101 haec
876 2057 948 2100 cum
961 2034 1101 2112 dixisset,

80 2127 199 2213 primus
209 2149 249 2191 cx
257 2126 367 2192 dextro
376 2149 472 2193 comu
480 2130 681 2213 procucurrit,
695 2140 789 2213 atque
802 2152 873 2194 eum
887 2128 977 2194 electi
989 2127 1103 2193 milites

81 2219 201 2285 circiter
214 2218 317 2285 CXX
334 2221 499 2287 voluntarii
517 2223 656 2290 eiusdem
674 2224 830 2288 centuriae
848 2233 921 2288 sunt
937 2221 1102 2308 prosecuti.

80 2315 160 2380 iuter
176 2314 255 2380 duas
274 2315 356 2381 acies
374 2327 494 2382 tantum
512 2328 577 2383 crat
589 2318 731 2383 relictum
750 2319 851 2404 spatii,
869 2328 905 2383 ut
922 2317 999 2383 satis
1017 2329 1102 2383 esset
1120 2335 1152 2383 92

81 2408 120 2474 ad
145 2430 333 2474 concursum
358 2411 520 2494 utriusque
546 2412 710 2477 exercitus.
756 2413 812 2477 sed
837 2411 1009 2497 Pompeius
1036 2411 1102 2476 suis

81 2501 284 2587 praedixerat,
302 2513 339 2567 ut
356 2502 502 2569 Caesaris
520 2505 672 2590 impetum
690 2506 868 2591 exciperent
884 2526 964 2569 neve
982 2525 1017 2569 se
1033 2503 1103 2569 loco

82 2605 240 2661 moverent
257 2596 417 2681 aciemque
435 2599 502 2664 eius
521 2599 651 2665 distrahi
668 2610 860 2685 paterentur;
882 2599 977 2682 idque
995 2599 1103 2663 admo-

82 2690 147 2755 nitu
165 2686 203 2755 C.
223 2689 336 2756 Triarii
353 2691 466 2757 secisse
484 2692 658 2772 dicebatur,
682 2705 716 2758 ut
733 2693 852 2778 primus
871 2712 1021 2756 excursus
1040 2692 1103 2755 vis·

82 2804 141 2868 que
158 2783 291 2849 militum
313 2785 547 2872 infringeretur,
574 2787 719 2870 aciesque
741 2786 981 2862 distenderetur,
1009 2793 1103 2869 atque

84 2876 113 2943 in
129 2876 196 2943 suis
213 2877 373 2944 ordinibus
388 2880 530 2965 dispositi
544 2880 702 2965 dispersos
716 2879 923 2958 adorirentur3
940 2876 1103 2962 leviusque

84 2992 192 3037 casura
215 2972 281 3057 pila
306 2973 452 3058 sperabat
473 2975 506 3038 in
527 2975 596 3039 loco
617 2975 745 3039 retentis
767 2972 931 3051 militibus,
959 2994 1054 3057 quam
1076 2971 1104 3036 si

84 3065 141 3151 ipsi
156 3065 307 3132 immissis
325 3067 395 3132 telis
413 3069 669 3146 occucurrisscnt,
688 3067 781 3133 simul
798 3066 876 3145 sore,
894 3077 930 3132 ut
946 3065 1104 3152 duplicato

85 3180 175 3225 cursu
197 3158 344 3227 Caesaris
366 3161 480 3228 milites
502 3164 753 3228 exanimarentur
774 3172 805 3227 et
825 3161 1010 3235 lassitudine
1032 3183 1105 3225 con·

85 3252 253 3321 torrentur.
280 3258 365 3342 quod
379 3258 470 3324 nobis
483 3260 610 3343 quidem
622 3259 707 3324 nulla
718 3259 837 3324 ratione
851 3257 970 3323 factum
982 3255 1105 3322 aPom·

85 3349 152 3433 pcio
168 3349 305 3429 ridetur,
328 3363 492 3437 propterea
509 3354 594 3438 quod
612 3364 661 3418 est
678 3353 833 3437 quaedam
854 3352 949 3417 animi
966 3351 1105 3416 incitatio

86 3450 175 3527 alque
195 3443 340 3511 alacritas
366 3448 546 3512 naturaliter
570 3448 678 3512 innata
704 3445 866 3525 omnibus,
894 3468 974 3530 quae
1000 3444 1104 3510 studio

85 3556 206 3625 pugnae
227 3541 410 3607 incenditur.
446 3542 527 3607 hanc
548 3566 612 3607 non
633 3543 815 3628 reprimere,
843 3542 900 3607 sed
921 3561 1036 3626 augere
1057 3540 1105 3604 in-

86 3643 239 3716 puatores
257 3633 385 3713 debent;
407 3658 508 3720 neque
527 3636 642 3702 flustra
659 3637 829 3721 antiquitus
851 3634 1029 3701 institutum
1046 3644 1103 3709 est,

86 3738 117 3792 ut
132 3727 227 3815 signa
242 3729 379 3814 undique
401 3732 611 3809 concinerent,
639 3732 869 3814 clamoremque
890 3727 1029 3794 universi
1046 3725 1104 3790 tol·

87 3818 195 3901 lerent3
218 3822 333 3906 quibus
349 3823 444 3890 rebus
463 3835 494 3890 et
510 3825 618 3891 hostes
636 3826 743 3890 terreri
761 3834 792 3890 et
809 3847 883 3890 suos
901 3821 1023 3887 incitari
1039 3820 1105 3884 exi·

87 3915 298 3982 stimaverrmt.
338 3918 395 3984 sed
415 3919 513 3984 nostri
534 3920 648 3986 milites
671 3920 744 3984 dato
768 3920 861 4004 signo
887 3941 959 3982 cum
981 3913 1104 3981 infestis
1124 3932 1155 3981 oa

85 4007 154 4093 pilis
166 4012 435 4095 procucurrissent
444 4024 536 4097 atque
550 4014 843 4079 animadvertissent
856 4035 919 4076 non
932 4009 1073 4076 concurri
1086 4033 1106 4075 a

86 4100 301 4191 Pompeianis,
329 4127 388 4171 usu
405 4108 497 4193 periti
514 4129 551 4172 ac
573 4108 786 4194 superioribus
808 4107 923 4192 pugnis
946 4105 1105 4171 exercitati

84 4220 141 4264 rua
157 4209 271 4285 sponte
288 4222 414 4266 cursum
435 4213 652 4287 represserunt
674 4214 705 4268 ct
726 4202 768 4267 ad
789 4200 927 4266 medium
950 4199 1016 4265 fere
1035 4222 1106 4285 spa-

10 4362 12 4369 ,
84 4291 162 4357 tium
177 4293 391 4372 constiterunt,
409 4317 449 4360 nc
466 4297 659 4382 consumptis
677 4296 795 4361 viribus
814 4293 1104 4380 appropinquarent,

82 4405 243 4472 parvoque
263 4386 442 4454 intermisso
463 4391 611 4475 temporis
638 4391 738 4477 spatio
765 4411 801 4454 ac
827 4411 935 4454 rursus
956 4398 1105 4454 renovato

83 4502 179 4547 curan
203 4481 269 4568 pila
293 4482 443 4549 miserunt
469 4485 683 4570 celeriterque,
711 4497 745 4550 ut
771 4494 837 4550 crat
862 4493 1061 4571 praeceptum
1087 4507 1105 4546 a
