2692 5206
559 790 719 833 PRAEFATIO
1085 791 1173 834 t'tiii

101 920 140 956 no
172 900 305 965 bellavit,
341 899 498 971 appareat!
543 901 703 955 idemidem
723 902 832 957 honoro
854 902 973 957 eandem
1001 903 1039 957 ob
1061 918 1176 957 cansam

110 969 277 1024 uintiiianus
291 967 342 1022 ubi
355 985 417 1022 cum
432 967 495 1021 aliia
506 968 621 1022 oratori·
640 984 715 1023 anno
742 975 876 1049 vergente
903 969 998 1024 affecit
1015 970 1176 1024 Corneliam

84 1041 137 1093 bna
151 1055 217 1092 eum
233 1036 382 1090 contendit
394 1035 442 1107 (X.
460 1035 543 1098 ΜΒ.
556 1035 621 1090 Xll.
640 1052 763 1104 uxorem,
775 1038 880 1092 Cinnae
890 1037 986 1106 liliam,
996 1053 1070 1092 novo
1076 1039 1105 1091 id
1115 1037 1175 1109 qui·

84 1107 178 1173 10‚11.
196 1105 220 1159 L
235 1104 331 1174 tat),
349 1106 400 1157 vim
413 1103 474 1157 eiua
487 1108 622 1174 tanquam
640 1105 703 1158 dem
722 1105 860 1174 instituto,
883 1122 946 1159 cum
963 1107 999 1160 ad
1018 1106 1047 1158 id
1065 1112 1175 1175 tempus

83 1173 266 1244 praecipuam
285 1173 381 1226 dotem
398 1169 493 1239 effert,
512 1179 541 1226 et
557 1171 621 1225 reli·
640 1178 783 1227 matronas
800 1179 908 1227 tantum
918 1180 1011 1229 aetate
1025 1180 1175 1243 provectas

85 1243 128 1312 qui
143 1258 258 1306 ornnes,
276 1240 374 1311 quide
389 1239 434 1294 elo
456 1240 552 1294 nentia
561 1239 621 1294 eius
660 1240 752 1294 ublice
768 1242 882 1296 laudare
896 1258 957 1295 mos
971 1240 1073 1295 fuisset
1088 1241 1175 1312 (Plut.

86 1311 240 1381 loquuntur
249 1309 331 1379 (Tac.
342 1308 415 1362 Anu.
464 1306 500 1360 11.
510 1308 537 1360 3.
545 1307 620 1361 Dial.
640 1257 766 1380 gaeso).
790 1310 916 1364 Pertinet
925 1311 980 1363 huc
989 1310 1073 1364 etiam
1084 1310 1174 1363 oratio

84 1376 331 1446 ii.Veil.Il.3t5.)‚
350 1376 380 1429 in
391 1375 451 1429 eius
462 1376 621 1429 landecon·
640 1376 676 1428 de
696 1376 760 1446 lego
779 1377 892 1431 Plautia
909 1379 946 1447 (a.
961 1377 1015 1448 to),
1036 1394 1092 1449 qna
1110 1379 1175 1497 leffe

86 1444 224 1512 sentiunt,
242 1453 275 1498 nt
292 1443 484 1514 splendidum,
508 1443 621 1496 summis
639 1443 746 1497 reditus
764 1445 918 1513 parabatur
935 1444 969 1498 L.
985 1445 1092 1499 Cinnae
1110 1461 1141 1498 re
1153 1445 1176 1498 i-

87 1513 245 1567 oratoribus
277 1511 433 1574 aemulum,
464 1511 621 1581 proximum
640 1511 770 1582 quisque,
788 1512 836 1582 qui
846 1512 984 1582 Lepidum
999 1529 1025 1567 a.
1036 1513 1069 1567 76
1078 1512 1175 1567 civiles

87 1581 215 1634 Ciceroni
226 1595 290 1633 cum
300 1579 388 1633 fnisse
399 1579 505 1633 dicant.
639 1579 740 1633 turbas
757 1587 916 1634 moventem
929 1580 1029 1648 secuti,
1043 1596 1174 1650 aquare

115 1649 180 1702 Non
207 1647 314 1701 multae
342 1646 402 1701 eius
432 1652 622 1702 memorantur
640 1645 893 1718 Caesar‚quamvia
907 1648 1017 1717 magnis
1032 1647 1173 1701 condicio·

88 1716 247 1782 orationes3
276 1731 350 1784 qnae
378 1714 431 1767 scri
452 1720 499 1769 tao
530 1721 620 1769 exsta-
639 1714 723 1768 nibus
738 1715 883 1781 invitatus,
903 1716 1090 1781 abstinuerat,
1108 1721 1175 1785 post

88 1784 188 1863 lanta,
206 1798 274 1836 num
288 1783 326 1836 ab
341 1782 404 1853 ipso
414 1731 518 1850 editae,
537 1783 619 1837 anab
639 1781 714 1835 iliius
725 1799 822 1837 necem
835 1782 1032 1838 adSertorium
1042 1781 1174 1852 coniuge-

87 1851 216 1906 actuanis
239 1857 377 1920 exceptae
395 1848 483 1921 (Suet
496 1850 542 1921 55)
560 1851 619 1917 vui7
639 1855 710 1903 rant.
749 1851 814 1904 Hac
831 1851 916 1905 etiam
935 1851 963 1905 in
983 1867 1014 1905 re
1032 1867 1090 1904 non
1108 1857 1175 1918 tam,

87 1926 167 1989 gatae
185 1919 260 1986 sint,
284 1919 439 1986 nescimus,
467 1927 544 1972 certe
562 1936 619 1971 non
639 1919 717 1986 quod
726 1919 901 1989 propinquus
912 1927 972 1974 erat
980 1918 1079 1988 Cinna,
1090 1935 1173 1988 quam

86 1986 152 2041 tanti
170 1985 324 2041 fecisseid
363 2002 432 2040 enus
450 1987 569 2054 videtur,
589 1992 621 2039 ut
639 1986 715 2054 quod
743 1986 933 2041 Marianarum
958 1987 1080 2058 partium
1111 1986 1175 2054 fnit,

87 2055 203 2110 diversis
227 2003 401 2124 temporiius
424 2054 538 2108 habitas
558 2070 620 2108 ora-
639 2054 822 2122 patrocininm
856 2055 968 2109 videtur
1007 2054 1174 2123 suscepisse.

86 2123 175 2177 tiones
193 2123 224 2175 in
237 2139 323 2175 unum
341 2138 444 2191 corpus
463 2122 619 2191 colligeret.
638 2122 808 2176 Actionibus
818 2123 846 2176 in
855 2122 1038 2177 Dolabellam
1048 2129 1076 2176 et
1085 2127 1174 2177 Anto·

86 2189 203 2245 Omnino
211 2188 337 2245 oratoria
346 2190 482 2244 facultate
493 2206 551 2244 non
560 2196 618 2243 ute·
637 2191 723 2258 nium,
743 2191 778 2244 de
793 2191 896 2261 quibus
910 2191 1110 2261 supradictum
1121 2198 1174 2258 est,

86 2260 180 2328 batur,
197 2259 255 2313 nisi
272 2258 308 2312 ad
327 2258 370 2326 id,
390 2259 467 2327 quod
506 2275 543 2311 uo
561 2257 618 2311 ani·
638 2259 704 2330 qnid
715 2264 828 2312 secutus
839 2258 1030 2329 sitquamqne
1040 2266 1175 2329 acceptae

85 2345 155 2382 num
174 2326 343 2381 intendebat
365 2325 439 2380 ferre
461 2275 618 2390 videbatur,
638 2327 743 2396 populo
755 2326 892 2381 eiusmodi
907 2327 1105 2381 contentiones
1115 2327 1175 2386 fue·

85 2397 117 2449 ad
136 2394 355 2450 convellendam
374 2399 489 2448 senatus
504 2399 534 2448 et
547 2394 618 2462 opti·
638 2395 707 2462 rint,
732 2395 835 2475 quibus
854 2395 991 2448 nobilium
1010 2395 1130 2449 avaritia
1147 2399 1176 2448 ct

85 2464 196 2517 natium
207 2461 618 2531 auctoritatemetplabemsibi
638 2462 1086 2531 violentiaaperiebatnr‚noneat
1096 2462 1175 2532 quod

86 2530 307 2598 devinciendam,
326 2537 358 2584 nt
370 2530 454 2584 etiam
467 2529 502 2582 iis
517 2529 618 2583 oratio·
638 2531 757 2584 dicatur.
781 2530 897 2601 Deque
913 2546 944 2583 re
963 2530 1055 2600 egerit
1068 2530 1174 2584 oratio·

86 2601 176 2667 nibus,
196 2598 302 2669 quibus
316 2598 394 2652 aliud
409 2613 493 2667 agere
504 2597 617 2651 videba-
637 2599 721 2653 nibus
735 2615 787 2669 pro
798 2598 960 2667 bithyniam
978 2605 1007 2652 et
1020 2615 1071 2667 pro
1083 2598 1173 2651 Decio

86 2675 136 2729 tur,
154 2666 233 2720 idem
248 2673 393 2734 spectasse
410 2666 554 2733 putandus
573 2665 617 2734 sit,
638 2667 763 2720 Samnite
784 2667 935 2737 nescimus.
976 2667 1055 2729 Quas
1074 2681 1174 2719 consu-

86 2736 160 2788 sciut
190 2734 355 2788 laudatione
384 2733 475 2787 Iuliae
506 2733 617 2802 amitae,
638 2733 1176 2789 latufunctuscontraL.Memmiumet

85 2802 178 2856 uxoria
187 2801 280 2868 Marii,
290 2819 316 2855 a.
326 2802 360 2855 68
374 2802 410 2872 (v.
421 2819 449 2922 p.
459 2801 529 2923 391³.
564 2801 618 2854 Ex·
639 2804 670 2855 L.
682 2802 834 2855 Domitium
844 2808 991 2870 praetores
1001 2801 1065 2853 abd
1076 2800 1176 2852 habuit

85 2871 146 2924 tulit
154 2887 191 2925 ea
199 2871 330 2923 oratione
344 2874 374 2923 et
388 2887 420 2938 ap
434 2869 498 2923 endi
521 2869 617 2923 amin·
639 2870 795 2938 orationes,
821 2885 917 2922 earum
936 2884 1023 2921 causa
1040 2873 1069 2921 et
1092 2883 1176 2936 argu-

85 2939 135 2993 iiae
150 2938 246 3017 gentis
262 2937 398 3007 originem
416 2945 445 2991 et
458 2937 619 2991 memoriam
638 2943 760 2992 mentum
771 2935 840 2990 satis
850 2953 883 2991 ex
894 2936 928 2989 iis
939 2935 1008 2988 locis
1018 2940 1106 3005 patet,
1126 2934 1174 3006 qui

83 3005 164 3060 Marii
174 3005 254 3075 plebi
263 3005 452 3074 gratissimam
462 3005 618 3073 renovavit,
637 3024 665 3076 p.
674 3006 726 3059 392
736 3004 814 3059 citati
825 3010 898 3058 aunt.

101 3075 320 3129 uemadmodum
338 3073 423 3127 etiam
445 3073 474 3126 in
493 3074 619 3127 eiusdem
672 3075 751 3137 Quae
762 3072 935 3141 supradicta
949 3070 1174 3125 suntdemeritis

83 3091 181 3196 iuuere
210 3141 347 3210 imagines
373 3140 456 3194 Marii
483 3141 619 3210 praeferri
638 3142 697 3196 eius
720 3142 749 3195 in
773 3142 898 3210 linguam
920 3140 1052 3194 Latinam
1075 3155 1175 3193 severa

82 3211 164 3263 iussit
174 3226 236 3263 cum
252 3226 360 3262 summo
370 3209 469 3278 popuii
479 3211 619 3277 applausu

82 3285 109 3331 et
119 3277 299 3357 optimatium
312 3277 519 3356 issffifflafif’pei
534 3293 618 3356 ἣρω
663 3315 688 3354 10
702 3314 810 3353 Privatam
820 3324 907 3354 causam
920 3313 986 3354 fultae
996 3323 1024 3353 cx
1034 3314 1152 3362 immnerito
1162 3323 1174 3352 a

83 3346 235 3400 ferentium
249 3353 416 3398 exsuscitari
455 3346 573 3414 urdqutd
591 3363 619 3397 ιιι
637 3365 692 3404 Iuno
702 3365 814 3404 nannieno
829 3371 914 3405 servato
928 3367 958 3414 (p,
973 3367 1021 3409 ιρι)
1040 3370 1107 3414 μω,
1134 3366 1174 3403 nr·

81 3414 163 3467 Marii
183 3413 319 3466 memoria
337 3413 374 3466 ad
398 3413 445 3481 ple
468 3413 492 3465 is
510 3413 619 3466 animos
638 3417 783 3455 rararideiur
799 3417 1050 3464 mammen-Ornatus,
1068 3417 1174 3464 quilleno

81 3482 243 3535 incitandos
262 3480 372 3535 inesset
389 3480 529 3535 sucus·
564 3480 619 3534 20-
638 3467 1174 3567 ari?:oseecccciiismlsuet

639 3576 717 3609 aarum
725 3569 849 3608 defendenti
859 3571 931 3619 Nysae
940 3580 1033 3615 cansam,
1044 3569 1100 3607 tiliae
1110 3568 1173 3606 Nico·

107 3621 193 3658 ascet.
203 3621 238 3657 55.
253 3618 299 3658 Cic.
316 3620 377 3660 Brut·
392 3621 424 3666 75.
434 3622 484 3659 idi:
500 3620 620 3659 ‘orationes
639 3621 717 3665 medlo.
736 3620 882 3669 beneficiaque
901 3622 957 3668 regis
971 3622 993 3659 ln
1007 3630 1030 3658 ee
1044 3629 1174 3658 commemo·

81 3671 167 3718 quidem
190 3673 237 3708 eins
256 3673 309 3710 mliii
331 3671 393 3709 valde
412 3672 539 3720 probantur,
552 3674 620 3710 'com-
638 3673 701 3716 renti,
712 3672 812 3718 Remove,
824 3673 892 3720 lnquit
902 3671 1006 3718 [Cicero]‚
1016 3671 1134 3715 timcaoro
1143 3673 1172 3713 to.

81 3722 153 3769 piures
163 3725 236 3760 autern
245 3722 287 3769 legi
293 3723 306 3760 ⁸.
333 3722 358 3760 in
368 3723 494 3770 fragmentis
503 3734 524 3771 p.
535 3724 570 3760 391
582 3732 619 3760 eae
639 3722 722 3770 quando
732 3727 806 3761 notum
816 3727 849 3760 cat
859 3729 880 3761 ct
894 3722 944 3770 quid
954 3723 990 3759 illc
1000 3721 1039 3759 tibi
1050 3720 1130 3767 etquid
1141 3720 1173 3758 llll

81 3777 166 3811 tanturn
184 3778 365 3812 commemoratae
383 3777 440 3818 sunt.
460 3785 511 3822 quas
530 3775 620 3821 scriptae
639 3773 795 3812 tutedcderls'.
824 3774 877 3812 Num
893 3776 938 3821 ipse
952 3771 1138 3810 titulusoratlonis
1152 3774 1174 3808 et

80 3824 147 3861 fnisse
159 3828 252 3862 constat.
280 3824 385 3863 Cortsnlto
401 3824 457 3862 hand
472 3825 556 3863 dubios
567 3825 619 3874 Nlp·
640 3825 715 3869 Gellii,
734 3826 770 3871 qul
784 3824 811 3863 de
820 3826 903 3864 auxillo
918 3824 1033 3861 clientibus
1047 3821 1174 3870 praestando

81 3875 170 3922 perdelo
180 3876 283 3913 omissum
298 3876 440 3922 fragmentum
451 3877 554 3914 orationis
563 3877 619 3925 apud
638 3878 689 3923 ugit.
703 3876 769 3913 verba
783 3876 809 3914 V.
820 3877 857 3914 13:
879 3877 929 3923 ‘pro
947 3875 1022 3911 horum
1037 3873 1173 3918 necessitato,

80 3926 162 3963 milites
170 3925 194 3964 in
202 3926 276 3964 Africa
286 3926 370 3964 habitae
380 3937 428 3964 cum
435 3926 588 3975 Oudendorplo
597 3932 619 3965 et
638 3937 726 3974 quornm
736 3936 770 3965 res
780 3927 864 3975 egltnr'.
875 3925 901 3963 ad
911 3925 982 3973 piures
991 3934 1036 3962 rem
1046 3924 1173 3972 pertinuisse

80 3976 200 4016 naconem
218 3979 298 4025 recepi,
317 3976 374 4024 quod
392 3987 418 4015 ee
435 3979 503 4016 oratio
522 3980 619 4016 suetonii
638 3979 793 4016 demonstrant.
821 3978 894 4016 Etiam
909 3976 975 4014 verba
988 3976 1103 4014 orationis:
1124 3976 1173 4014 ‘da-

80 4031 187 4075 tempore.
201 4029 238 4076 qul
251 4029 305 4067 aime
315 4028 416 4076 quasdam
426 4031 506 4067 temere
517 4030 537 4066 el
552 4029 619 4067 tribu·
638 4030 710 4076 fugere
721 4027 978 4073 hocmnnus.il.1unce‚
989 4037 1033 4065 non
1042 4027 1119 4075 potul'.
1135 4036 1174 4075 po-

80 4082 116 4116 tu
125 4088 174 4116 eece
184 4084 288 4118 memorat
298 4080 327 4126 (e.
337 4081 370 4117 55.
380 4089 402 4117 v.
412 4080 461 4118 infr.
472 4091 493 4128 p.
503 4080 557 4126 392),
568 4081 618 4128 qnln
638 4082 680 4118 tine
690 4079 839 4117 defensionem
854 4080 875 4117 in
886 4079 965 4117 iudicio
975 4084 1096 4126 susceptam
1106 4078 1174 4127 signi·

82 4128 182 4167 Curarin
200 4135 258 4168 emet
272 4140 317 4169 non
331 4130 416 4169 videtur
429 4131 548 4169 dubitatum
563 4141 617 4176 esse,
638 4131 709 4175 licant,
729 4140 792 4177 qnam
806 4132 925 4168 orationem
939 4130 960 4169 ln
977 4134 1052 4168 senatu
1070 4130 1172 4174 habitum,

80 4190 210 4228 quemquam
228 4191 272 4219 non
284 4191 341 4229 nego
356 4184 379 4219 et
391 4182 437 4229 ipsa
450 4192 472 4220 re
486 4185 508 4220 ct
521 4191 618 4221 sermone
638 4192 702 4229 qnam
713 4182 813 4228 scriptam
823 4181 901 4219 editam
912 4191 959 4220 esse
970 4192 1012 4219 non
1022 4185 1055 4218 eat
1064 4180 1174 4220 credibile.

80 4232 213 4270 contrarium
222 4232 315 4280 probari.
334 4232 410 4270 Parum
420 4237 477 4271 recta
487 4232 539 4272 Otto
554 4233 618 4282 (iiph.
638 4233 740 4271 Ceterum
749 4231 805 4280 qaod
819 4232 871 4271 dicit
881 4232 1007 4280 Bernhardy
1018 4232 1070 4269 Litt.
1080 4232 1141 4270 lions.
1151 4241 1173 4279 p.
1215 4267 1224 4279 ,

80 4283 164 4330 antiqu.
179 4283 236 4320 stud.
247 4284 305 4322 isto.
320 4284 362 4328 ot.)
380 4285 421 4322 noc
434 4284 575 4331 fragmentum
592 4284 618 4322 ed
636 4285 686 4322 oti:
701 4279 750 4322 lina
760 4282 850 4324 ericam
865 4283 925 4322 mclrr
935 4282 1004 4323 beben
1017 4281 1059 4321 und
1069 4280 1136 4323 itaer
1150 4281 1174 4321 io

79 4335 202 4372 orationem
216 4335 272 4382 apud
286 4335 367 4373 militer
380 4335 407 4373 de
419 4335 536 4373 commodis
546 4345 618 4373 corum
636 4335 676 4375 deo
687 4333 791 4386 frideloo
804 4332 874 4375 lledeo
884 4335 953 4380 (siret.
960 4333 1052 4377 Caeatl,
1067 4334 1174 4381 fragmen·

79 4393 113 4429 (v.
124 4395 145 4432 p.
156 4385 203 4427 itti
214 4386 323 4433 pertinere
337 4385 396 4424 dicit.
424 4385 482 4424 idem
493 4390 556 4431 errat,
571 4396 618 4423 cnm
637 4394 681 4424 tum
691 4385 744 4425 dicit
753 4386 882 4425 laudationis
892 4385 959 4424 lullae
968 4385 1062 4429 amitae),
1073 4393 1172 4434 mopepen

78 4436 134 4473 dicit
143 4437 272 4482 orationem,
283 4446 347 4484 onem
356 4437 480 4476 Victorinus
490 4447 619 4475 commemo·
636 4435 754 4488 nuffliileod
773 4436 908 4477 rorici-stelit
926 4441 980 4477 euro
998 4432 1037 4474 dos
1056 4432 1172 4483 Fropmcot

77 4486 150 4525 ratde
164 4497 234 4536 poene
244 4487 403 4526 coniuratorum
413 4491 445 4533 (v.
455 4499 476 4535 p.
487 4489 542 4534 ³92),
549 4487 618 4525 ‹liver-
636 4487 671 4529 bei
681 4488 737 4528 (leil.
747 4488 774 4527 V.
784 4490 820 4536 13,
835 4490 876 4526 hoc
885 4487 969 4536 quidem
980 4495 1007 4523 ex
1017 4485 1108 4523 tantillis
1117 4485 1173 4530 flag·

77 4547 127 4576 eant
137 4548 186 4576 erac
195 4538 223 4576 ei)
232 4548 271 4584 ee,
288 4548 350 4586 quarn
362 4538 475 4578 Caesarem
485 4539 511 4577 de
521 4539 618 4577 coniura·
636 4541 715 4578 mantis
724 4537 1005 4588 argumentodivcralssimis
1015 4536 1071 4574 lueto
1082 4535 1173 4574 celerius

77 4591 109 4628 tta
118 4589 342 4629 lmbnlneSaliuatins
352 4589 423 4628 term.
637 4591 752 4629 indicatum
764 4594 822 4640 puto.
