2738 5272
290 791 333 857 20
603 801 656 857 Du
673 800 802 857 BELLO
821 797 991 858 GALLICO

290 928 408 992 timoris
427 925 636 1011 suspicionem
653 926 800 1003 vitarent,
818 923 1028 989 remanebant.
1073 923 1105 988 hi
1123 944 1228 1009 neque
1245 926 1314 991 vul-

291 1031 357 1084 tum
383 1020 501 1106 fingere
527 1040 628 1103 neque
658 1019 813 1085 interdum
843 1018 987 1084 lacrimas
1018 1028 1122 1082 tencre
1153 1030 1312 1104 poterant:

290 1114 387 1179 abditi
408 1114 441 1178 in
464 1112 670 1178 tabernaculis
693 1124 747 1177 aut
769 1135 861 1177 suum
882 1112 982 1176 fatum
1003 1111 1230 1195 querebantur,
1258 1128 1312 1179 aut

290 1230 362 1272 eum
379 1205 583 1271 familiaribus
608 1207 672 1271 suis
692 1227 856 1271 commune
876 1205 1048 1290 periculum
1070 1205 1310 1271 miserabantur.

289 1303 384 1388 volgo
402 1303 474 1366 totis
493 1301 602 1365 castris
620 1311 808 1366 testamenta
824 1298 1078 1385 obsignabantur.
1122 1300 1238 1365 horum
1256 1324 1310 1367 vo-

290 1395 378 1460 cibus
396 1418 433 1459 ae
450 1396 560 1459 timore
578 1394 727 1479 paulatim
745 1394 838 1458 ctiam
855 1393 887 1470 ii,
905 1393 959 1476 qui
977 1415 1126 1479 magnum
1144 1395 1177 1457 in
1195 1396 1308 1460 eastris

288 1513 381 1555 usum
403 1488 573 1565 habebant,
600 1489 713 1553 milites
740 1488 997 1571 centurionesque
1019 1487 1135 1571 quique
1157 1489 1309 1571 equitatui

289 1593 464 1668 praeerant,
491 1581 757 1666 perturbabantur.
803 1581 857 1663 qui
879 1602 913 1645 se
931 1601 972 1644 ex
988 1580 1037 1645 lris
1059 1580 1162 1645 ruinus
1181 1581 1307 1645 timidos

289 1676 459 1742 existimari
475 1674 635 1751 volebant,
658 1698 721 1739 non
739 1696 773 1739 se
791 1674 915 1738 hostem
932 1674 1046 1751 vereri,
1070 1674 1126 1738 sed
1144 1676 1308 1760 angustias

289 1770 420 1847 itineris,
438 1769 683 1854 magnitudinem
702 1768 865 1846 silvarum,
887 1789 968 1851 quae
985 1766 1212 1832 intercederent
1229 1769 1308 1832 inter

289 1868 375 1952 ipsos
393 1876 486 1949 atque
503 1863 713 1941 Ariovistum,
741 1874 794 1928 aut
811 1886 879 1927 rem
900 1862 1149 1939 frumentariam,
1176 1874 1211 1926 ut
1232 1864 1307 1928 satis

289 1960 451 2026 commode
478 1960 652 2044 supportari
677 1969 798 2044 posset,
830 1959 939 2022 timere
969 1956 1122 2022 dicebant.
1166 1959 1308 2022 nonnulli

289 2055 382 2117 etiam
401 2052 530 2117 Caesari
547 2052 779 2128 renuntiabant,
807 2074 879 2115 cum
903 2062 1005 2116 castra
1025 2052 1198 2117 maneriae
1217 2053 1309 2138 signa

289 2146 362 2211 ferri
388 2147 546 2223 iussisset,
578 2169 642 2210 non
668 2145 735 2210 fore
762 2146 846 2211 dicto
875 2146 1036 2210 audientes
1063 2146 1177 2210 milites
1206 2169 1309 2230 neque

240 2250 415 2326 eapropter
436 2240 577 2305 timerem
601 2240 692 2325 signa
708 2240 835 2305 loturos.
884 2239 962 2304 hace
983 2261 1055 2303 cum
1072 2240 1309 2305 animadvertis-

289 2344 345 2411 set,
365 2344 534 2398 convocato
552 2334 682 2398 consilio
704 2334 905 2417 omniumque
933 2332 1075 2397 ordinum
1098 2333 1138 2397 ad
1155 2334 1189 2397 id
1206 2335 1309 2399 eonsi-

289 2428 365 2492 lium
390 2426 537 2491 adhibitis
564 2427 796 2492 centurionibus
827 2426 1028 2490 vehementer
1057 2448 1112 2491 eos
1136 2426 1305 2491 incusavit:

286 2522 436 2608 primum,
459 2520 557 2605 qued,
580 2531 633 2584 aut
654 2543 748 2605 quam
766 2521 797 2585 in
816 2530 935 2605 partem
952 2530 1006 2584 aut
1022 2542 1085 2602 quo
1103 2519 1234 2585 oonsilio
1251 2521 1308 2585 du·

288 2625 443 2692 serentur,
485 2613 545 2679 sibi
580 2615 792 2698 quaerendum
827 2624 882 2677 ant
916 2613 1117 2699 cogitandum
1151 2623 1305 2698 putarent.

287 2709 482 2775 Ariovistum
498 2731 535 2774 se
552 2708 679 2773 consule
697 2707 898 2793 cupidissime
920 2705 1028 2791 populi
1044 2706 1179 2771 Romani
1201 2706 1306 2771 amici·

288 2804 363 2868 tiam
381 2803 551 2888 appetisse:
570 2825 625 2867 cur
642 2802 725 2866 hunc
743 2813 807 2865 tam
825 2810 940 2864 temere
958 2799 1125 2883 quisquam
1142 2798 1183 2863 ab
1201 2799 1306 2864 officie

288 2899 500 2964 discessurum
528 2896 698 2961 iudicaret?
728 2896 789 2959 sibi
814 2895 940 2978 quidem
967 2892 1146 2979 persuaderi
1173 2894 1306 2980 cognitis

288 2993 353 3056 suis
371 2990 535 3076 postulatis
553 3001 645 3074 atque
659 2990 814 3072 aequitate
827 2987 1044 3052 condicionum
1056 2996 1221 3072 perspecta
1233 3010 1307 3052 eum

287 3106 388 3166 neque
406 3106 495 3147 suam
513 3104 613 3165 neque
631 3083 738 3167 populi
756 3082 890 3147 Romani
906 3081 1039 3167 gratiam
1060 3080 1305 3165 repudiaturum.

287 3176 372 3258 quod
390 3177 416 3239 si
434 3176 538 3239 surore
556 3185 648 3258 atque
672 3177 808 3240 amentia
830 3175 983 3260 impulsus
1005 3174 1122 3240 bellum
1139 3174 1304 3249 intulisset,

288 3267 364 3348 quid
385 3268 511 3331 tandem
532 3268 730 3332 vererentur?
759 3280 813 3332 ant
836 3291 892 3333 cur
914 3268 953 3333 de
979 3290 1036 3332 suu
1057 3268 1169 3331 virtute
1191 3277 1247 3332 aut
1268 3266 1306 3331 de

288 3360 386 3444 ipsius
409 3361 570 3445 diligentia
592 3361 811 3446 desperarent?
842 3362 959 3426 sactum
977 3361 1044 3426 eius
1066 3360 1166 3425 hostis
1183 3360 1305 3446 perieu-

288 3454 353 3517 lum
365 3465 488 3539 patrum
501 3466 676 3520 nostrorum
690 3456 847 3534 memoria,
867 3478 938 3521 eum
954 3454 1090 3520 Cimbris
1108 3464 1140 3519 et
1152 3453 1304 3519 Teutonis

288 3572 308 3612 a
322 3544 402 3613 Gaio
416 3547 518 3613 Mario
536 3549 634 3634 pulsis
648 3572 710 3614 uon
723 3551 874 3614 minorem
894 3550 1018 3613 laudem
1037 3548 1192 3613 exercitus
1210 3570 1304 3631 quam

287 3642 355 3727 ipse
372 3643 538 3728 imperator
555 3644 682 3709 meritus
700 3643 877 3721 videbatur3
903 3643 1021 3708 sactum
1044 3642 1137 3707 etiam
1154 3664 1256 3727 nuper
1272 3641 1305 3705 in

286 3737 378 3802 Italia
395 3738 500 3803 servili
517 3740 666 3816 tumultu,
692 3761 772 3822 qnos
795 3750 898 3803 tamen
919 3736 1037 3821 aliquid
1060 3758 1137 3801 usus
1155 3758 1194 3801 ac
1210 3736 1305 3801 disei-

286 3833 383 3916 plina,
403 3855 483 3917 quae
501 3833 628 3898 anobis
646 3834 849 3917 accepissent,
869 3831 1075 3896 sublevarent.
1119 3852 1159 3894 ex
1175 3852 1239 3915 quo
1256 3830 1304 3894 in-

285 3927 381 3990 dicari
398 3950 501 4012 posse,
520 3938 672 4011 quantum
689 3925 817 3991 haberet
834 3926 866 3990 in
884 3948 919 3990 se
937 3924 1010 3990 boni
1027 3924 1214 4000 constantia,
1231 3945 1304 4009 pro-

285 4029 391 4101 pterea
408 4023 506 4105 quod,
524 4044 604 4105 quos
622 4020 814 4104 aliquamdiu
831 4020 966 4084 inermos
985 4020 1052 4084 sine
1069 4040 1166 4083 causa
1181 4018 1304 4081 timuis-

287 4122 364 4188 sent,
383 4113 441 4178 hos
458 4124 569 4199 postca
585 4125 719 4179 armatos
734 4135 771 4178 ae
783 4114 917 4178 victores
932 4121 1141 4198 superassent.
1167 4110 1302 4195 denique

286 4202 344 4267 hos
362 4226 432 4268 esse
450 4208 592 4284 eosdem,
620 4206 807 4291 quibuscum
829 4228 1053 4292 saepenumero
1071 4204 1211 4270 Helvetii
1229 4226 1301 4269 con-

286 4297 387 4380 gressi
412 4321 475 4362 non
501 4301 602 4365 solunr
628 4302 660 4365 in
687 4301 766 4379 suis,
793 4301 849 4365 sed
871 4300 964 4365 etiam
986 4301 1019 4364 iu
1040 4299 1164 4364 illorum
1186 4296 1301 4363 finibus

285 4389 467 4473 plerumque
485 4395 672 4477 superarint,
695 4395 749 4478 qui
768 4405 872 4459 tamen
889 4416 980 4479 pares
1002 4416 1073 4458 esse
1090 4402 1198 4458 nostro
1215 4412 1303 4457 exer·

286 4483 360 4547 citui
378 4506 440 4549 non
462 4487 626 4569 potuerint.
671 4489 699 4553 si
721 4510 800 4571 quos
823 4489 989 4553 adversum
1006 4486 1159 4573 proelium
1176 4494 1209 4550 et
1226 4483 1304 4569 suga

287 4574 449 4644 Gallorum
468 4590 686 4672 commoveret,
703 4581 777 4659 hos,
796 4582 823 4647 si
840 4591 1037 4667 quaererent,
1055 4580 1191 4667 reperire
1207 4598 1303 4665 posse
