2692 5206
431 767 550 823 COMM.
567 767 631 825 VII.
649 769 768 824 at-au
1050 757 1112 822 125

87 899 232 976 tempore
248 898 315 957 toto
330 910 420 956 muro
437 890 571 957 elamore
589 890 711 956 sublato
729 891 850 958 duabus
862 892 960 979 portis
973 892 1013 959 ab
1026 901 1111 959 utro-

86 1007 151 1071 que
167 985 266 1050 latere
283 985 413 1050 turrium
429 986 549 1071 eruptio
571 985 679 1051 fiebat:
706 985 758 1050 alii
776 987 862 1051 faces
880 996 973 1072 atque
990 987 1109 1053 aridam

86 1079 252 1144 materiem
273 1078 313 1144 de
335 1101 423 1145 muro
446 1080 478 1143 in
499 1103 648 1166 aggerem
670 1080 791 1146 eminus
813 1080 981 1158 iaciebant,
1007 1082 1109 1166 picem

87 1172 288 1257 reliquasque
305 1194 370 1250 res,
396 1173 511 1256 quibus
530 1174 611 1259 ignis
634 1173 762 1238 excitari
783 1184 900 1259 potest,
926 1174 1108 1252 fundebant,

88 1275 134 1343 ut,
152 1287 217 1350 quo
233 1265 368 1351 primum
385 1280 596 1332 occurreretur
613 1277 667 1331 aut
684 1267 734 1331 cui
747 1269 791 1331 rei
805 1267 937 1332 ferretur
949 1268 1108 1345 auxilium,

86 1359 145 1425 rix
160 1360 241 1424 ratio
258 1360 328 1424 iniri
340 1372 458 1446 posset.
485 1370 598 1437 tamen,
618 1361 702 1444 quod
714 1361 854 1426 instituto
868 1359 1014 1426 Caesaris
1028 1384 1109 1426 sem-

85 1475 147 1540 per
162 1453 245 1518 duae
262 1453 400 1539 legiones
421 1477 479 1539 pro
502 1455 611 1519 castris
634 1454 833 1520 excubabant
853 1455 1021 1540 pluresque
1037 1478 1109 1541 par-

87 1548 155 1611 titis
177 1547 369 1632 temporibus
392 1558 479 1613 erant
500 1549 533 1612 in
555 1570 663 1634 opere,
691 1549 830 1614 celeriter
851 1549 1048 1627 factumest,
1074 1562 1109 1613 ut

85 1641 143 1705 alii
160 1640 375 1726 eruptionibus
396 1642 588 1721 resisterent,
616 1642 668 1706 alii
689 1652 789 1710 turres
810 1643 993 1707 reducerent
1014 1665 1110 1729 agge·
1188 1637 1190 1643 ’

86 1755 219 1818 remque
236 1734 508 1813 interscinderent,
535 1736 637 1801 omnis
659 1758 733 1801 vero
751 1758 790 1800 ex
813 1738 922 1801 eastris
944 1735 1109 1801 multitudo

88 1828 131 1893 ad
147 1828 403 1915 restinguendum
421 1841 624 1896 concurreret.
652 1852 724 1895 cum
741 1831 773 1895 in
790 1830 933 1897 omnibus
946 1831 1023 1896 loeis
1037 1852 1109 1896 eon·
1127 1848 1159 1897 25

87 1933 195 1988 sumta
218 1923 282 1987 iam
306 1923 427 2008 reliqua
454 1934 541 2010 parte
567 1925 668 1989 noctis
693 1936 898 2011 pugnaretur,
925 1946 1108 2010 semperque

85 2016 233 2083 hostibus
256 2039 328 2103 spes
350 2019 497 2083 victoriae
518 2019 791 2104 redintegraretur,
819 2042 856 2084 eo
882 2019 998 2106 magis,
1023 2018 1109 2103 quod

86 2111 219 2177 deustos
236 2110 359 2196 pluteos
376 2112 508 2176 turrium
525 2111 674 2176 videbant
691 2135 749 2177 nec
771 2113 863 2178 facile
881 2114 965 2178 adire
983 2123 1107 2198 apertos

86 2204 131 2270 ad
147 2204 361 2269 auxiliandum
378 2206 674 2284 animadvertebant,
693 2228 876 2291 semperque
889 2207 950 2292 ipsi
967 2217 1107 2272 recentes

86 2298 225 2363 defessis
251 2299 451 2364 succederent
478 2322 663 2384 omnemque
691 2298 813 2366 Galliae
839 2301 971 2366 salutem
996 2301 1029 2365 in
1054 2301 1107 2366 illo

87 2392 226 2479 vestigio
243 2393 390 2478 temporis
407 2394 541 2479 positam
559 2394 787 2471 arbitrarentur,
806 2395 918 2460 accidit
931 2395 1107 2480 inspectan-

86 2484 174 2552 tibus
192 2484 293 2564 nobis‚
312 2487 396 2570 qnod
413 2488 544 2574 dignum
562 2489 711 2553 memoria
728 2488 831 2552 visum
848 2488 1106 2573 praetereundum

86 2602 153 2645 non
173 2579 431 2646 existimavimus.
475 2582 602 2666 quidam
624 2592 837 2667 antepartum
860 2582 965 2667 oppidi
984 2579 1105 2659 Gallus,

85 2674 144 2758 qui
163 2696 221 2759 per
242 2697 353 2739 manus
376 2675 442 2739 sevi
464 2697 502 2740 ac
522 2677 601 2761 picis
624 2676 753 2740 traditas
776 2676 885 2760 glebas
907 2676 939 2738 in
961 2675 1066 2760 ignem
1088 2698 1106 2739 e

84 2767 216 2854 regione
233 2768 326 2833 turris
347 2769 530 2854 proiciebat:
559 2770 721 2855 scorpione
739 2769 779 2835 ab
801 2769 897 2834 latere
919 2769 1027 2833 dextro
1045 2779 1107 2833 tra-

85 2861 189 2927 iectus
210 2863 465 2946 exanimatusque
492 2864 635 2929 concidit.
679 2862 763 2928 hune
788 2886 828 2928 ex
853 2862 1002 2948 proximis
1025 2883 1106 2926 unus

84 2954 241 3019 iacentem
259 2966 470 3042 transgressus
490 2958 599 3022 eodem
616 2957 669 3021 illo
687 2979 814 3021 munere
831 2953 1033 3042 fungebatur3
1056 2977 1108 3019 ea·

85 3048 161 3113 dem
177 3048 297 3114 ratione
314 3050 378 3115 ictu
396 3051 566 3137 scorpionis
580 3052 755 3116 exanimato
774 3051 861 3116 alteri
879 3049 1029 3115 successit
1047 3058 1107 3112 ter-

86 3142 151 3207 tius
168 3152 202 3207 et
217 3143 308 3207 tertio
325 3154 463 3227 quartus,
481 3167 540 3209 nec
556 3145 642 3231 prius
660 3145 711 3209 ille
730 3154 777 3209 est
794 3141 1107 3230 apropugnaton‘hus

86 3259 209 3301 vacuus
225 3237 352 3303 relictus
369 3238 471 3316 loeus,
498 3260 593 3322 quam
610 3240 757 3304 restincto
779 3261 894 3325 aggere
912 3250 1004 3321 atque
1021 3235 1108 3302 omni

85 3353 129 3395 ex
152 3340 243 3417 parte
268 3333 430 3396 summotis
457 3332 598 3397 hostibus
624 3334 695 3398 finis
726 3344 774 3399 est
802 3333 963 3420 pugnandi
994 3332 1105 3397 factus.

85 3427 195 3491 omnia
210 3426 330 3512 experti
348 3425 447 3505 Galli,
474 3429 559 3511 quod
576 3450 625 3493 res
643 3428 728 3493 nulla
750 3437 955 3504 successerat,
981 3435 1106 3512 postero
1125 3443 1157 3491 re

84 3519 138 3584 die
164 3520 330 3585 eonsilium
356 3531 503 3606 ceperunt
524 3544 563 3585 ex
586 3522 699 3606 oppido
720 3521 887 3606 profugere
912 3519 1054 3584 hortante
1076 3529 1107 3582 et

85 3610 215 3678 iubente
223 3611 487 3701 Vercingetorige.
509 3615 541 3678 id
555 3614 676 3678 silentio
689 3614 789 3679 noetis
799 3614 900 3679 conati
914 3636 977 3677 uon
988 3634 1104 3697 magna

85 3707 208 3772 iactura
224 3729 351 3772 suorum
368 3731 438 3773 sese
456 3707 621 3773 effecturos
639 3708 819 3794 sperabant,
841 3722 1006 3793 propterea
1022 3705 1106 3788 quod

85 3822 190 3885 neque
205 3800 300 3888 longe
317 3802 357 3867 ab
374 3802 488 3888 oppido
507 3812 608 3867 castra
625 3801 890 3888 Vercingetorigis
910 3801 1052 3876 aberant,
1075 3807 1106 3862 et

86 3894 189 3979 palus,
206 3916 288 3979 quae
304 3908 454 3981 perpetua
470 3895 688 3973 intercedebat,
707 3895 866 3960 Romanos
884 3895 925 3959 ad
942 3894 1106 3976 insequen-

88 3988 163 4053 dum
180 3988 333 4054 tardabat.
367 3989 491 4073 iamque
508 3989 568 4054 hoo
585 3988 688 4053 faeere
704 4000 799 4055 noctu
816 3987 1015 4074 apparabant,
1034 4009 1106 4051 oum

87 4081 341 4147 matresfamiliae
360 4094 487 4169 repente
508 4083 541 4147 in
562 4082 721 4168 publicum
743 4091 961 4168 procurrerunt
981 4080 1106 4145 flentcs·

88 4195 149 4259 que
169 4175 325 4262 proiectae
347 4177 388 4242 ad
409 4177 505 4262 pedes
528 4199 655 4241 suouun
677 4176 821 4242 omnibus
843 4175 987 4261 precibus
1009 4175 1106 4260 petie-

89 4279 173 4347 runt,
198 4292 240 4335 ne
258 4292 293 4335 se
311 4281 342 4335 et
359 4293 540 4336 communes
562 4269 676 4335 liberos
694 4270 837 4335 hostibus
860 4271 900 4334 ad
918 4269 1105 4354 supplicium

89 4361 246 4440 dederent,
264 4386 344 4448 quos
361 4366 402 4429 ad
419 4365 600 4450 capiendam
618 4364 726 4449 fugam
744 4375 872 4428 naturae
890 4373 920 4428 et
933 4364 1044 4427 virium
1058 4363 1105 4426 in-

88 4456 217 4523 firmitas
234 4458 407 4543 impediret.
441 4458 496 4523 ubi
513 4480 567 4523 eos
585 4457 618 4521 in
636 4458 787 4522 sententia
799 4469 937 4542 perstare
950 4457 1103 4532 viderunt,

88 4555 172 4637 quod
192 4550 376 4639 plerumque
397 4552 429 4617 in
451 4574 573 4617 summo
594 4551 731 4638 periculo
754 4553 846 4617 timor
863 4550 1104 4617 misericordiam
