<?xml version="1.0" encoding="UTF-8"?>
<!DOCTYPE html PUBLIC "-//W3C//DTD XHTML 1.0 Transitional//EN"
    "http://www.w3.org/TR/xhtml1/DTD/xhtml1-transitional.dtd">
<html xmlns="http://www.w3.org/1999/xhtml" xml:lang="en" lang="en">
 <head>
  <title>
</title>
<meta http-equiv="Content-Type" content="text/html;charset=utf-8" />
  <meta name='ocr-system' content='tesseract 3.04.00' />
  <meta name='ocr-capabilities' content='ocr_page ocr_carea ocr_par ocr_line ocrx_word'/>
</head>
<body>
  <div class='ocr_page' id='page_1' title='image "./ciuliicaesarisc03krangoog_0205.png"; bbox 0 0 2692 5206; ppageno 0'>
   <div class='ocr_carea' id='block_1_1' title="bbox 432 772 1106 841">
    <p class='ocr_par' dir='ltr' id='par_1_1' title="bbox 432 772 1106 841">
     <span class='ocr_line' id='line_1_1' title="bbox 432 772 1106 841; baseline -0.003 -2"><span class='ocrx_word' id='word_1_1' title='bbox 432 783 548 841; x_wconf 78' lang='lat' dir='ltr'>COHM.</span> <span class='ocrx_word' id='word_1_2' title='bbox 567 784 631 840; x_wconf 91' lang='lat' dir='ltr'><strong>Vll.</strong></span> <span class='ocrx_word' id='word_1_3' title='bbox 649 784 767 839; x_wconf 76' lang='lat'><strong>41-45.</strong></span> <span class='ocrx_word' id='word_1_4' title='bbox 1045 772 1106 837; x_wconf 86' lang='lat'><strong>133</strong></span> 
     </span>
    </p>
   </div>
   <div class='ocr_carea' id='block_1_2' title="bbox 72 905 1195 4648">
    <p class='ocr_par' dir='ltr' id='par_1_2' title="bbox 72 905 1195 3053">
     <span class='ocr_line' id='line_1_2' title="bbox 87 905 1107 994; baseline 0 -22"><span class='ocrx_word' id='word_1_5' title='bbox 87 907 130 972; x_wconf 83' lang='lat' dir='ltr'><strong>ad</strong></span> <span class='ocrx_word' id='word_1_6' title='bbox 147 907 304 994; x_wconf 79' lang='lat' dir='ltr'>legionem</span> <span class='ocrx_word' id='word_1_7' title='bbox 320 905 486 971; x_wconf 80' lang='lat' dir='ltr'><strong>facientem</strong></span> <span class='ocrx_word' id='word_1_8' title='bbox 503 906 564 971; x_wconf 89' lang='lat' dir='ltr'><strong>fide</strong></span> <span class='ocrx_word' id='word_1_9' title='bbox 582 907 711 973; x_wconf 67' lang='lat' dir='ltr'><strong>dataaex</strong></span> <span class='ocrx_word' id='word_1_10' title='bbox 724 907 838 992; x_wconf 93' lang='lat' dir='ltr'><strong>oppido</strong></span> <span class='ocrx_word' id='word_1_11' title='bbox 853 905 1018 973; x_wconf 88' lang='lat' dir='ltr'><strong>Cabillono</strong></span> <span class='ocrx_word' id='word_1_12' title='bbox 1031 909 1107 973; x_wconf 89' lang='lat' dir='ltr'><strong>edu·</strong></span> 
     </span>
     <span class='ocr_line' id='line_1_3' title="bbox 86 1000 1107 1087; baseline 0.001 -20"><span class='ocrx_word' id='word_1_13' title='bbox 86 1013 176 1067; x_wconf 86' lang='lat' dir='ltr'><strong>cunt:</strong></span> <span class='ocrx_word' id='word_1_14' title='bbox 204 1002 288 1066; x_wconf 91' lang='lat' dir='ltr'><strong>idem</strong></span> <span class='ocrx_word' id='word_1_15' title='bbox 309 1000 412 1066; x_wconf 81' lang='lat' dir='ltr'><strong>faeere</strong></span> <span class='ocrx_word' id='word_1_16' title='bbox 434 1013 551 1087; x_wconf 90' lang='lat' dir='ltr'><strong>cogunt</strong></span> <span class='ocrx_word' id='word_1_17' title='bbox 572 1024 639 1079; x_wconf 90' lang='lat' dir='ltr'><strong>eos,</strong></span> <span class='ocrx_word' id='word_1_18' title='bbox 667 1002 721 1084; x_wconf 91' lang='lat' dir='ltr'><strong>qui</strong></span> <span class='ocrx_word' id='word_1_19' title='bbox 742 1002 922 1086; x_wconf 84' lang='lat' dir='ltr'><strong>negotiandi</strong></span> <span class='ocrx_word' id='word_1_20' title='bbox 947 1024 1042 1068; x_wconf 90' lang='lat' dir='ltr'><strong>eausa</strong></span> <span class='ocrx_word' id='word_1_21' title='bbox 1063 1003 1107 1068; x_wconf 92' lang='lat' dir='ltr'><strong>ibi</strong></span> 
     </span>
     <span class='ocr_line' id='line_1_4' title="bbox 85 1093 1107 1162; baseline 0 -3"><span class='ocrx_word' id='word_1_22' title='bbox 85 1095 299 1159; x_wconf 86' lang='lat' dir='ltr'><strong>constiterant.</strong></span> <span class='ocrx_word' id='word_1_23' title='bbox 343 1093 402 1159; x_wconf 89' lang='lat' dir='ltr'><strong>hos</strong></span> <span class='ocrx_word' id='word_1_24' title='bbox 424 1095 570 1159; x_wconf 90' lang='lat' dir='ltr'><strong>continuo</strong></span> <span class='ocrx_word' id='word_1_25' title='bbox 591 1095 624 1158; x_wconf 93' lang='lat' dir='ltr'><strong>in</strong></span> <span class='ocrx_word' id='word_1_26' title='bbox 641 1095 749 1158; x_wconf 89' lang='lat' dir='ltr'><strong>itinere</strong></span> <span class='ocrx_word' id='word_1_27' title='bbox 767 1094 866 1160; x_wconf 87' lang='lat' dir='ltr'><strong>adorti</strong></span> <span class='ocrx_word' id='word_1_28' title='bbox 888 1095 1031 1162; x_wconf 89' lang='lat' dir='ltr'><strong>omnibus</strong></span> <span class='ocrx_word' id='word_1_29' title='bbox 1049 1096 1107 1159; x_wconf 91' lang='lat' dir='ltr'><strong>im-</strong></span> 
     </span>
     <span class='ocr_line' id='line_1_5' title="bbox 85 1188 1108 1274; baseline 0.001 -21"><span class='ocrx_word' id='word_1_30' title='bbox 85 1188 276 1274; x_wconf 76' lang='lat' dir='ltr'><strong>pedimentis</strong></span> <span class='ocrx_word' id='word_1_31' title='bbox 303 1198 435 1266; x_wconf 86' lang='lat' dir='ltr'><strong>exuunt;</strong></span> <span class='ocrx_word' id='word_1_32' title='bbox 465 1199 674 1274; x_wconf 80' lang='lat' dir='ltr'>repugnantes</span> <span class='ocrx_word' id='word_1_33' title='bbox 705 1189 789 1253; x_wconf 88' lang='lat' dir='ltr'><strong>diem</strong></span> <span class='ocrx_word' id='word_1_34' title='bbox 815 1203 998 1273; x_wconf 87' lang='lat' dir='ltr'><strong>noctemque</strong></span> <span class='ocrx_word' id='word_1_35' title='bbox 1024 1189 1108 1256; x_wconf 90' lang='lat' dir='ltr'><strong>obsi-</strong></span> 
     </span>
     <span class='ocr_line' id='line_1_6' title="bbox 85 1282 1107 1366; baseline 0.003 -20"><span class='ocrx_word' id='word_1_36' title='bbox 85 1283 177 1359; x_wconf 83' lang='lat' dir='ltr'><strong>dent3</strong></span> <span class='ocrx_word' id='word_1_37' title='bbox 205 1282 311 1347; x_wconf 87' lang='lat' dir='ltr'><strong>multis</strong></span> <span class='ocrx_word' id='word_1_38' title='bbox 333 1282 487 1366; x_wconf 89' lang='lat' dir='ltr'><strong>utrimque</strong></span> <span class='ocrx_word' id='word_1_39' title='bbox 510 1282 680 1348; x_wconf 86' lang='lat' dir='ltr'><strong>interfectis</strong></span> <span class='ocrx_word' id='word_1_40' title='bbox 702 1283 852 1347; x_wconf 90' lang='lat' dir='ltr'><strong>maiorem</strong></span> <span class='ocrx_word' id='word_1_41' title='bbox 878 1282 1107 1349; x_wconf 83' lang='lat' dir='ltr'><strong>multitudinem</strong></span> 
     </span>
     <span class='ocr_line' id='line_1_7' title="bbox 85 1376 1156 1454; baseline 0.004 -13"><span class='ocrx_word' id='word_1_42' title='bbox 85 1386 279 1442; x_wconf 86' lang='lat' dir='ltr'><strong>armatorum</strong></span> <span class='ocrx_word' id='word_1_43' title='bbox 296 1376 459 1441; x_wconf 87' lang='lat' dir='ltr'><strong>concitant.</strong></span> <span class='ocrx_word' id='word_1_44' title='bbox 490 1376 614 1441; x_wconf 87' lang='lat' dir='ltr'><strong>interim</strong></span> <span class='ocrx_word' id='word_1_45' title='bbox 630 1377 739 1441; x_wconf 89' lang='lat' dir='ltr'><strong>nuntio</strong></span> <span class='ocrx_word' id='word_1_46' title='bbox 756 1376 859 1454; x_wconf 89' lang='lat' dir='ltr'><strong>allato,</strong></span> <span class='ocrx_word' id='word_1_47' title='bbox 877 1397 985 1443; x_wconf 87' lang='lat' dir='ltr'><strong>omnes</strong></span> <span class='ocrx_word' id='word_1_48' title='bbox 998 1399 1105 1442; x_wconf 86' lang='lat' dir='ltr'><strong>eorum</strong></span> <span class='ocrx_word' id='word_1_49' title='bbox 1124 1398 1156 1445; x_wconf 72' lang='lat'><strong>43</strong></span> 
     </span>
     <span class='ocr_line' id='line_1_8' title="bbox 85 1467 1108 1555; baseline 0.001 -21"><span class='ocrx_word' id='word_1_50' title='bbox 85 1469 204 1535; x_wconf 85' lang='lat' dir='ltr'><strong>milites</strong></span> <span class='ocrx_word' id='word_1_51' title='bbox 225 1470 259 1534; x_wconf 92' lang='lat' dir='ltr'><strong>in</strong></span> <span class='ocrx_word' id='word_1_52' title='bbox 279 1479 432 1555; x_wconf 85' lang='lat' dir='ltr'><strong>potestate</strong></span> <span class='ocrx_word' id='word_1_53' title='bbox 455 1467 601 1535; x_wconf 83' lang='lat' dir='ltr'><strong>Caesaris</strong></span> <span class='ocrx_word' id='word_1_54' title='bbox 628 1471 738 1547; x_wconf 88' lang='lat' dir='ltr'><strong>teneri,</strong></span> <span class='ocrx_word' id='word_1_55' title='bbox 765 1480 953 1535; x_wconf 90' lang='lat' dir='ltr'><strong>concurrunt</strong></span> <span class='ocrx_word' id='word_1_56' title='bbox 973 1470 1014 1535; x_wconf 90' lang='lat' dir='ltr'><strong>ad</strong></span> <span class='ocrx_word' id='word_1_57' title='bbox 1034 1470 1108 1535; x_wconf 87' lang='lat' dir='ltr'><strong>Ari-</strong></span> 
     </span>
     <span class='ocr_line' id='line_1_9' title="bbox 87 1562 1195 1649; baseline 0 -21"><span class='ocrx_word' id='word_1_58' title='bbox 87 1563 200 1639; x_wconf 88' lang='lat' dir='ltr'><strong>stium,</strong></span> <span class='ocrx_word' id='word_1_59' title='bbox 225 1563 302 1628; x_wconf 88' lang='lat' dir='ltr'><strong>nihil</strong></span> <span class='ocrx_word' id='word_1_60' title='bbox 323 1562 449 1649; x_wconf 92' lang='lat' dir='ltr'><strong>publico</strong></span> <span class='ocrx_word' id='word_1_61' title='bbox 471 1562 590 1627; x_wconf 86' lang='lat' dir='ltr'><strong>factum</strong></span> <span class='ocrx_word' id='word_1_62' title='bbox 608 1563 738 1628; x_wconf 89' lang='lat' dir='ltr'><strong>consilio</strong></span> <span class='ocrx_word' id='word_1_63' title='bbox 760 1563 987 1641; x_wconf 83' lang='lat' dir='ltr'><strong>demonstrant3</strong></span> <span class='ocrx_word' id='word_1_64' title='bbox 1013 1585 1108 1648; x_wconf 88' lang='lat' dir='ltr'><strong>quae·</strong></span> <span class='ocrx_word' id='word_1_65' title='bbox 1193 1642 1195 1647; x_wconf 23' lang='grc' dir='ltr'>Ι</span> 
     </span>
     <span class='ocr_line' id='line_1_10' title="bbox 86 1655 1108 1742; baseline 0 -21"><span class='ocrx_word' id='word_1_66' title='bbox 86 1657 222 1722; x_wconf 82' lang='lat' dir='ltr'><strong>ationem</strong></span> <span class='ocrx_word' id='word_1_67' title='bbox 240 1657 280 1721; x_wconf 91' lang='lat' dir='ltr'><strong>de</strong></span> <span class='ocrx_word' id='word_1_68' title='bbox 298 1655 388 1721; x_wconf 92' lang='lat' dir='ltr'><strong>bonis</strong></span> <span class='ocrx_word' id='word_1_69' title='bbox 406 1656 534 1742; x_wconf 84' lang='lat' dir='ltr'><strong>direptis</strong></span> <span class='ocrx_word' id='word_1_70' title='bbox 552 1657 735 1734; x_wconf 87' lang='lat' dir='ltr'><strong>decernunt,</strong></span> <span class='ocrx_word' id='word_1_71' title='bbox 762 1657 900 1721; x_wconf 81' lang='lat' dir='ltr'><strong>Litavici</strong></span> <span class='ocrx_word' id='word_1_72' title='bbox 917 1656 1108 1740; x_wconf 81' lang='lat' dir='ltr'><strong>fratrmnque</strong></span> 
     </span>
     <span class='ocr_line' id='line_1_11' title="bbox 86 1749 1110 1836; baseline -0.002 -21"><span class='ocrx_word' id='word_1_73' title='bbox 86 1750 170 1815; x_wconf 89' lang='lat' dir='ltr'><strong>bona</strong></span> <span class='ocrx_word' id='word_1_74' title='bbox 185 1749 360 1835; x_wconf 90' lang='lat' dir='ltr'><strong>publicant,</strong></span> <span class='ocrx_word' id='word_1_75' title='bbox 382 1750 502 1835; x_wconf 88' lang='lat' dir='ltr'><strong>legatos</strong></span> <span class='ocrx_word' id='word_1_76' title='bbox 521 1752 562 1815; x_wconf 90' lang='lat' dir='ltr'><strong>ad</strong></span> <span class='ocrx_word' id='word_1_77' title='bbox 580 1750 749 1815; x_wconf 86' lang='lat' dir='ltr'><strong>Caesarem</strong></span> <span class='ocrx_word' id='word_1_78' title='bbox 772 1750 821 1815; x_wconf 90' lang='lat' dir='ltr'><strong>sui</strong></span> <span class='ocrx_word' id='word_1_79' title='bbox 837 1750 992 1836; x_wconf 89' lang='lat' dir='ltr'><strong>purgandi</strong></span> <span class='ocrx_word' id='word_1_80' title='bbox 1009 1750 1110 1836; x_wconf 84' lang='lat' dir='ltr'><strong>gratia</strong></span> 
     </span>
     <span class='ocr_line' id='line_1_12' title="bbox 85 1842 1109 1930; baseline -0.003 -22"><span class='ocrx_word' id='word_1_81' title='bbox 85 1843 225 1908; x_wconf 89' lang='lat' dir='ltr'><strong>mittunt.</strong></span> <span class='ocrx_word' id='word_1_82' title='bbox 253 1843 330 1908; x_wconf 90' lang='lat' dir='ltr'><strong>haec</strong></span> <span class='ocrx_word' id='word_1_83' title='bbox 348 1842 468 1908; x_wconf 86' lang='lat' dir='ltr'><strong>faciunt</strong></span> <span class='ocrx_word' id='word_1_84' title='bbox 484 1845 766 1930; x_wconf 84' lang='lat' dir='ltr'><strong>recuperandorum</strong></span> <span class='ocrx_word' id='word_1_85' title='bbox 784 1866 911 1909; x_wconf 88' lang='lat' dir='ltr'><strong>suorum</strong></span> <span class='ocrx_word' id='word_1_86' title='bbox 925 1865 1033 1909; x_wconf 88' lang='lat' dir='ltr'><strong>eausa:</strong></span> <span class='ocrx_word' id='word_1_87' title='bbox 1052 1843 1109 1908; x_wconf 86' lang='lat' dir='ltr'><strong>sed</strong></span> 
     </span>
     <span class='ocr_line' id='line_1_13' title="bbox 85 1936 1107 2024; baseline -0.004 -21"><span class='ocrx_word' id='word_1_88' title='bbox 85 1937 290 2003; x_wconf 87' lang='lat' dir='ltr'><strong>contaminati</strong></span> <span class='ocrx_word' id='word_1_89' title='bbox 306 1938 444 2002; x_wconf 87' lang='lat' dir='ltr'><strong>facinore</strong></span> <span class='ocrx_word' id='word_1_90' title='bbox 461 1948 493 2003; x_wconf 89' lang='lat' dir='ltr'><strong>et</strong></span> <span class='ocrx_word' id='word_1_91' title='bbox 510 1939 594 2023; x_wconf 89' lang='lat' dir='ltr'><strong>capti</strong></span> <span class='ocrx_word' id='word_1_92' title='bbox 611 1938 795 2024; x_wconf 83' lang='lat' dir='ltr'><strong>compendio</strong></span> <span class='ocrx_word' id='word_1_93' title='bbox 813 1960 852 2003; x_wconf 86' lang='lat' dir='ltr'><strong>cx</strong></span> <span class='ocrx_word' id='word_1_94' title='bbox 865 1937 993 2022; x_wconf 90' lang='lat' dir='ltr'><strong>direptis</strong></span> <span class='ocrx_word' id='word_1_95' title='bbox 1006 1936 1107 2013; x_wconf 81' lang='lat' dir='ltr'><strong>bonis,</strong></span> 
     </span>
     <span class='ocr_line' id='line_1_14' title="bbox 84 2030 1109 2118; baseline 0 -23"><span class='ocrx_word' id='word_1_96' title='bbox 84 2030 174 2115; x_wconf 85' lang='lat' dir='ltr'><strong>quod</strong></span> <span class='ocrx_word' id='word_1_97' title='bbox 191 2053 230 2095; x_wconf 89' lang='lat' dir='ltr'><strong>ca</strong></span> <span class='ocrx_word' id='word_1_98' title='bbox 245 2053 296 2096; x_wconf 88' lang='lat' dir='ltr'><strong>res</strong></span> <span class='ocrx_word' id='word_1_99' title='bbox 313 2032 354 2096; x_wconf 90' lang='lat' dir='ltr'><strong>ad</strong></span> <span class='ocrx_word' id='word_1_100' title='bbox 372 2031 485 2097; x_wconf 90' lang='lat' dir='ltr'><strong>multos</strong></span> <span class='ocrx_word' id='word_1_101' title='bbox 502 2032 686 2118; x_wconf 81' lang='lat' dir='ltr'><strong>pertinebat,</strong></span> <span class='ocrx_word' id='word_1_102' title='bbox 705 2041 736 2096; x_wconf 90' lang='lat' dir='ltr'><strong>et</strong></span> <span class='ocrx_word' id='word_1_103' title='bbox 754 2032 864 2097; x_wconf 89' lang='lat' dir='ltr'><strong>timore</strong></span> <span class='ocrx_word' id='word_1_104' title='bbox 877 2052 997 2117; x_wconf 86' lang='lat' dir='ltr'><strong>poenae</strong></span> <span class='ocrx_word' id='word_1_105' title='bbox 1009 2040 1109 2095; x_wconf 82' lang='lat' dir='ltr'><strong>exter·</strong></span> 
     </span>
     <span class='ocr_line' id='line_1_15' title="bbox 84 2124 1109 2211; baseline 0.001 -23"><span class='ocrx_word' id='word_1_106' title='bbox 84 2124 151 2201; x_wconf 88' lang='lat' dir='ltr'><strong>riti,</strong></span> <span class='ocrx_word' id='word_1_107' title='bbox 173 2124 305 2190; x_wconf 88' lang='lat' dir='ltr'><strong>consilia</strong></span> <span class='ocrx_word' id='word_1_108' title='bbox 321 2125 402 2190; x_wconf 93' lang='lat' dir='ltr'><strong>clam</strong></span> <span class='ocrx_word' id='word_1_109' title='bbox 420 2126 459 2190; x_wconf 90' lang='lat' dir='ltr'><strong>de</strong></span> <span class='ocrx_word' id='word_1_110' title='bbox 477 2125 558 2191; x_wconf 87' lang='lat' dir='ltr'><strong>bello</strong></span> <span class='ocrx_word' id='word_1_111' title='bbox 576 2127 653 2191; x_wconf 90' lang='lat' dir='ltr'><strong>inirc</strong></span> <span class='ocrx_word' id='word_1_112' title='bbox 670 2126 821 2211; x_wconf 91' lang='lat' dir='ltr'><strong>incipiunt</strong></span> <span class='ocrx_word' id='word_1_113' title='bbox 842 2126 1044 2209; x_wconf 89' lang='lat' dir='ltr'><strong>civitatesque</strong></span> <span class='ocrx_word' id='word_1_114' title='bbox 1060 2147 1109 2189; x_wconf 88' lang='lat' dir='ltr'><strong>re-</strong></span> 
     </span>
     <span class='ocr_line' id='line_1_16' title="bbox 84 2216 1109 2305; baseline 0.001 -24"><span class='ocrx_word' id='word_1_115' title='bbox 84 2217 189 2302; x_wconf 85' lang='lat' dir='ltr'><strong>liquas</strong></span> <span class='ocrx_word' id='word_1_116' title='bbox 206 2216 414 2305; x_wconf 81' lang='lat' dir='ltr'><strong>legationibus</strong></span> <span class='ocrx_word' id='word_1_117' title='bbox 432 2219 608 2284; x_wconf 86' lang='lat' dir='ltr'><strong>sollicitant</strong></span> <span class='ocrx_word' id='word_1_118' title='bbox 643 2242 724 2304; x_wconf 86' lang='lat' dir='ltr'><strong>quas</strong></span> <span class='ocrx_word' id='word_1_119' title='bbox 741 2219 865 2285; x_wconf 89' lang='lat' dir='ltr'><strong>tametsi</strong></span> <span class='ocrx_word' id='word_1_120' title='bbox 884 2217 1003 2286; x_wconf 87' lang='lat' dir='ltr'><strong>Caesar</strong></span> <span class='ocrx_word' id='word_1_121' title='bbox 1019 2218 1109 2283; x_wconf 88' lang='lat' dir='ltr'><strong>intel-</strong></span> 
     </span>
     <span class='ocr_line' id='line_1_17' title="bbox 84 2309 1106 2399; baseline 0.001 -25"><span class='ocrx_word' id='word_1_122' title='bbox 84 2309 226 2397; x_wconf 79' lang='lat' dir='ltr'><strong>legebat,</strong></span> <span class='ocrx_word' id='word_1_123' title='bbox 254 2320 357 2375; x_wconf 85' lang='lat' dir='ltr'><strong>tamen</strong></span> <span class='ocrx_word' id='word_1_124' title='bbox 382 2335 477 2396; x_wconf 88' lang='lat' dir='ltr'><strong>quam</strong></span> <span class='ocrx_word' id='word_1_125' title='bbox 502 2312 665 2377; x_wconf 90' lang='lat' dir='ltr'><strong>mitissime</strong></span> <span class='ocrx_word' id='word_1_126' title='bbox 687 2323 790 2398; x_wconf 88' lang='lat' dir='ltr'><strong>potest</strong></span> <span class='ocrx_word' id='word_1_127' title='bbox 816 2313 936 2399; x_wconf 87' lang='lat' dir='ltr'><strong>legatos</strong></span> <span class='ocrx_word' id='word_1_128' title='bbox 958 2311 1106 2397; x_wconf 89' lang='lat' dir='ltr'><strong>appellat:</strong></span> 
     </span>
     <span class='ocr_line' id='line_1_18' title="bbox 85 2402 1108 2492; baseline 0.001 -23"><span class='ocrx_word' id='word_1_129' title='bbox 85 2402 164 2469; x_wconf 87' lang='lat' dir='ltr'><strong>nibil</strong></span> <span class='ocrx_word' id='word_1_130' title='bbox 182 2425 217 2469; x_wconf 89' lang='lat' dir='ltr'><strong>sc</strong></span> <span class='ocrx_word' id='word_1_131' title='bbox 233 2416 360 2490; x_wconf 91' lang='lat' dir='ltr'><strong>propter</strong></span> <span class='ocrx_word' id='word_1_132' title='bbox 376 2405 571 2470; x_wconf 83' lang='lat' dir='ltr'><strong>inscientiam</strong></span> <span class='ocrx_word' id='word_1_133' title='bbox 589 2406 807 2490; x_wconf 84' lang='lat' dir='ltr'><strong>levitatemque</strong></span> <span class='ocrx_word' id='word_1_134' title='bbox 824 2406 912 2492; x_wconf 83' lang='lat' dir='ltr'><strong>vulgi</strong></span> <span class='ocrx_word' id='word_1_135' title='bbox 928 2406 1055 2492; x_wconf 88' lang='lat' dir='ltr'><strong>gravius</strong></span> <span class='ocrx_word' id='word_1_136' title='bbox 1069 2405 1108 2470; x_wconf 93' lang='lat' dir='ltr'><strong>de</strong></span> 
     </span>
     <span class='ocr_line' id='line_1_19' title="bbox 86 2497 1109 2583; baseline 0.001 -20"><span class='ocrx_word' id='word_1_137' title='bbox 86 2497 213 2563; x_wconf 76' lang='lat' dir='ltr'><strong>civitate</strong></span> <span class='ocrx_word' id='word_1_138' title='bbox 234 2498 371 2564; x_wconf 88' lang='lat' dir='ltr'><strong>iudicare</strong></span> <span class='ocrx_word' id='word_1_139' title='bbox 392 2522 493 2583; x_wconf 92' lang='lat' dir='ltr'><strong>neque</strong></span> <span class='ocrx_word' id='word_1_140' title='bbox 516 2500 555 2564; x_wconf 89' lang='lat' dir='ltr'><strong>de</strong></span> <span class='ocrx_word' id='word_1_141' title='bbox 582 2523 640 2564; x_wconf 88' lang='lat' dir='ltr'><strong>sua</strong></span> <span class='ocrx_word' id='word_1_142' title='bbox 661 2501 693 2564; x_wconf 92' lang='lat' dir='ltr'><strong>in</strong></span> <span class='ocrx_word' id='word_1_143' title='bbox 715 2498 867 2566; x_wconf 87' lang='lat' dir='ltr'><strong>Haeduos</strong></span> <span class='ocrx_word' id='word_1_144' title='bbox 894 2499 1109 2565; x_wconf 88' lang='lat' dir='ltr'><strong>benevolentia</strong></span> 
     </span>
     <span class='ocr_line' id='line_1_20' title="bbox 86 2590 1108 2678; baseline 0 -23"><span class='ocrx_word' id='word_1_145' title='bbox 86 2590 278 2656; x_wconf 86' lang='lat' dir='ltr'><strong>deminuere.</strong></span> <span class='ocrx_word' id='word_1_146' title='bbox 317 2593 394 2678; x_wconf 88' lang='lat' dir='ltr'><strong>ipse,</strong></span> <span class='ocrx_word' id='word_1_147' title='bbox 413 2593 562 2658; x_wconf 89' lang='lat' dir='ltr'><strong>maiorem</strong></span> <span class='ocrx_word' id='word_1_148' title='bbox 581 2591 702 2659; x_wconf 90' lang='lat' dir='ltr'><strong>Galliac</strong></span> <span class='ocrx_word' id='word_1_149' title='bbox 719 2604 837 2658; x_wconf 91' lang='lat' dir='ltr'><strong>motum</strong></span> <span class='ocrx_word' id='word_1_150' title='bbox 856 2602 1050 2678; x_wconf 85' lang='lat' dir='ltr'><strong>exspectans,</strong></span> <span class='ocrx_word' id='word_1_151' title='bbox 1069 2615 1108 2656; x_wconf 89' lang='lat' dir='ltr'><strong>ne</strong></span> 
     </span>
     <span class='ocr_line' id='line_1_21' title="bbox 85 2684 1107 2764; baseline -0.002 -14"><span class='ocrx_word' id='word_1_152' title='bbox 85 2684 128 2750; x_wconf 86' lang='lat' dir='ltr'><strong>ab</strong></span> <span class='ocrx_word' id='word_1_153' title='bbox 149 2684 297 2751; x_wconf 87' lang='lat' dir='ltr'><strong>omnibus</strong></span> <span class='ocrx_word' id='word_1_154' title='bbox 324 2687 500 2752; x_wconf 87' lang='lat' dir='ltr'><strong>civitatibus</strong></span> <span class='ocrx_word' id='word_1_155' title='bbox 526 2688 817 2764; x_wconf 88' lang='lat' dir='ltr'><strong>circumsistcrctur,</strong></span> <span class='ocrx_word' id='word_1_156' title='bbox 845 2687 975 2752; x_wconf 89' lang='lat' dir='ltr'><strong>consilia</strong></span> <span class='ocrx_word' id='word_1_157' title='bbox 999 2684 1107 2761; x_wconf 87' lang='lat' dir='ltr'><strong>inibat,</strong></span> 
     </span>
     <span class='ocr_line' id='line_1_22' title="bbox 84 2778 1108 2867; baseline -0.002 -24"><span class='ocrx_word' id='word_1_158' title='bbox 84 2778 353 2862; x_wconf 87' lang='lat' dir='ltr'><strong>quemadmodum</strong></span> <span class='ocrx_word' id='word_1_159' title='bbox 370 2779 410 2844; x_wconf 91' lang='lat' dir='ltr'><strong>ab</strong></span> <span class='ocrx_word' id='word_1_160' title='bbox 429 2778 588 2867; x_wconf 86' lang='lat' dir='ltr'><strong>Gergovia</strong></span> <span class='ocrx_word' id='word_1_161' title='bbox 605 2781 778 2845; x_wconf 87' lang='lat' dir='ltr'><strong>discederet</strong></span> <span class='ocrx_word' id='word_1_162' title='bbox 799 2802 837 2844; x_wconf 92' lang='lat' dir='ltr'><strong>ac</strong></span> <span class='ocrx_word' id='word_1_163' title='bbox 857 2802 965 2843; x_wconf 88' lang='lat' dir='ltr'><strong>rursus</strong></span> <span class='ocrx_word' id='word_1_164' title='bbox 983 2799 1108 2842; x_wconf 90' lang='lat' dir='ltr'><strong>omnem</strong></span> 
     </span>
     <span class='ocr_line' id='line_1_23' title="bbox 72 2871 1109 2958; baseline -0.001 -22"><span class='ocrx_word' id='word_1_165' title='bbox 72 2872 260 2937; x_wconf 80' lang='lat' dir='ltr'><strong>exercitum</strong></span> <span class='ocrx_word' id='word_1_166' title='bbox 277 2873 484 2952; x_wconf 87' lang='lat' dir='ltr'><strong>contraheret,</strong></span> <span class='ocrx_word' id='word_1_167' title='bbox 511 2896 550 2938; x_wconf 90' lang='lat' dir='ltr'><strong>nc</strong></span> <span class='ocrx_word' id='word_1_168' title='bbox 568 2874 719 2958; x_wconf 80' lang='lat' dir='ltr'><strong>profectio</strong></span> <span class='ocrx_word' id='word_1_169' title='bbox 737 2883 811 2939; x_wconf 90' lang='lat' dir='ltr'><strong>nata</strong></span> <span class='ocrx_word' id='word_1_170' title='bbox 828 2873 868 2939; x_wconf 92' lang='lat' dir='ltr'><strong>ab</strong></span> <span class='ocrx_word' id='word_1_171' title='bbox 891 2873 1001 2937; x_wconf 88' lang='lat' dir='ltr'><strong>timore</strong></span> <span class='ocrx_word' id='word_1_172' title='bbox 1023 2871 1109 2936; x_wconf 83' lang='lat' dir='ltr'><strong>defe-</strong></span> 
     </span>
     <span class='ocr_line' id='line_1_24' title="bbox 85 2965 625 3053; baseline 0 -22"><span class='ocrx_word' id='word_1_173' title='bbox 85 2965 199 3031; x_wconf 86' lang='lat' dir='ltr'><strong>ctionis</strong></span> <span class='ocrx_word' id='word_1_174' title='bbox 217 2965 329 3031; x_wconf 91' lang='lat' dir='ltr'><strong>similis</strong></span> <span class='ocrx_word' id='word_1_175' title='bbox 347 2967 442 3053; x_wconf 85' lang='lat' dir='ltr'><strong>fugae</strong></span> <span class='ocrx_word' id='word_1_176' title='bbox 459 2967 625 3032; x_wconf 84' lang='lat' dir='ltr'><strong>videretur.</strong></span> 
     </span>
    </p>

    <p class='ocr_par' dir='ltr' id='par_1_3' title="bbox 83 3058 1159 4648">
     <span class='ocr_line' id='line_1_25' title="bbox 151 3058 1159 3147; baseline 0.002 -22"><span class='ocrx_word' id='word_1_177' title='bbox 151 3058 245 3125; x_wconf 87' lang='lat' dir='ltr'><strong>Haec</strong></span> <span class='ocrx_word' id='word_1_178' title='bbox 257 3060 406 3147; x_wconf 85' lang='lat' dir='ltr'><strong>cogitanti</strong></span> <span class='ocrx_word' id='word_1_179' title='bbox 419 3061 558 3127; x_wconf 86' lang='lat' dir='ltr'><strong>accidere</strong></span> <span class='ocrx_word' id='word_1_180' title='bbox 571 3062 640 3128; x_wconf 81' lang='lat' dir='ltr'><strong>risa</strong></span> <span class='ocrx_word' id='word_1_181' title='bbox 652 3072 700 3128; x_wconf 89' lang='lat' dir='ltr'><strong>est</strong></span> <span class='ocrx_word' id='word_1_182' title='bbox 714 3061 845 3127; x_wconf 86' lang='lat' dir='ltr'><strong>facultas</strong></span> <span class='ocrx_word' id='word_1_183' title='bbox 860 3061 940 3126; x_wconf 90' lang='lat' dir='ltr'><strong>benc</strong></span> <span class='ocrx_word' id='word_1_184' title='bbox 953 3061 1107 3147; x_wconf 86' lang='lat' dir='ltr'><strong>gerendae</strong></span> <span class='ocrx_word' id='word_1_185' title='bbox 1126 3082 1159 3128; x_wconf 76' lang='lat' dir='ltr'><strong>sa</strong></span> 
     </span>
     <span class='ocr_line' id='line_1_26' title="bbox 83 3151 1109 3241; baseline 0.001 -24"><span class='ocrx_word' id='word_1_186' title='bbox 83 3151 142 3217; x_wconf 89' lang='lat' dir='ltr'><strong>rei.</strong></span> <span class='ocrx_word' id='word_1_187' title='bbox 185 3175 261 3219; x_wconf 88' lang='lat' dir='ltr'><strong>nam</strong></span> <span class='ocrx_word' id='word_1_188' title='bbox 279 3174 351 3228; x_wconf 86' lang='lat' dir='ltr'><strong>cum</strong></span> <span class='ocrx_word' id='word_1_189' title='bbox 368 3155 400 3218; x_wconf 94' lang='lat' dir='ltr'><strong>in</strong></span> <span class='ocrx_word' id='word_1_190' title='bbox 418 3155 538 3221; x_wconf 88' lang='lat' dir='ltr'><strong>minora</strong></span> <span class='ocrx_word' id='word_1_191' title='bbox 554 3168 656 3221; x_wconf 90' lang='lat' dir='ltr'><strong>castra</strong></span> <span class='ocrx_word' id='word_1_192' title='bbox 673 3156 775 3241; x_wconf 90' lang='lat' dir='ltr'><strong>operis</strong></span> <span class='ocrx_word' id='word_1_193' title='bbox 793 3155 1001 3240; x_wconf 89' lang='lat' dir='ltr'><strong>perspiciendi</strong></span> <span class='ocrx_word' id='word_1_194' title='bbox 1014 3176 1109 3219; x_wconf 88' lang='lat' dir='ltr'><strong>causa</strong></span> 
     </span>
     <span class='ocr_line' id='line_1_27' title="bbox 85 3246 1107 3333; baseline 0.002 -23"><span class='ocrx_word' id='word_1_195' title='bbox 85 3246 241 3324; x_wconf 84' lang='lat' dir='ltr'><strong>venisset,</strong></span> <span class='ocrx_word' id='word_1_196' title='bbox 264 3248 480 3313; x_wconf 85' lang='lat' dir='ltr'><strong>animadvertit</strong></span> <span class='ocrx_word' id='word_1_197' title='bbox 497 3249 621 3328; x_wconf 88' lang='lat' dir='ltr'><strong>collem,</strong></span> <span class='ocrx_word' id='word_1_198' title='bbox 645 3252 698 3333; x_wconf 91' lang='lat' dir='ltr'><strong>qui</strong></span> <span class='ocrx_word' id='word_1_199' title='bbox 716 3249 756 3314; x_wconf 91' lang='lat' dir='ltr'><strong>ab</strong></span> <span class='ocrx_word' id='word_1_200' title='bbox 774 3248 917 3314; x_wconf 89' lang='lat' dir='ltr'><strong>hostibus</strong></span> <span class='ocrx_word' id='word_1_201' title='bbox 935 3247 1107 3324; x_wconf 87' lang='lat' dir='ltr'><strong>tenebatur,</strong></span> 
     </span>
     <span class='ocr_line' id='line_1_28' title="bbox 85 3339 1109 3429; baseline 0.003 -26"><span class='ocrx_word' id='word_1_202' title='bbox 85 3339 242 3405; x_wconf 85' lang='lat' dir='ltr'><strong>nudatum</strong></span> <span class='ocrx_word' id='word_1_203' title='bbox 252 3340 441 3419; x_wconf 91' lang='lat' dir='ltr'><strong>hominibus,</strong></span> <span class='ocrx_word' id='word_1_204' title='bbox 460 3344 512 3426; x_wconf 91' lang='lat' dir='ltr'><strong>qui</strong></span> <span class='ocrx_word' id='word_1_205' title='bbox 526 3344 736 3429; x_wconf 90' lang='lat' dir='ltr'><strong>superioribus</strong></span> <span class='ocrx_word' id='word_1_206' title='bbox 751 3343 861 3407; x_wconf 89' lang='lat' dir='ltr'><strong>diebus</strong></span> <span class='ocrx_word' id='word_1_207' title='bbox 874 3344 927 3406; x_wconf 84' lang='lat' dir='ltr'><strong>vix</strong></span> <span class='ocrx_word' id='word_1_208' title='bbox 940 3365 1015 3428; x_wconf 89' lang='lat' dir='ltr'><strong>prae</strong></span> <span class='ocrx_word' id='word_1_209' title='bbox 1029 3342 1109 3406; x_wconf 92' lang='lat' dir='ltr'><strong>mul-</strong></span> 
     </span>
     <span class='ocr_line' id='line_1_29' title="bbox 87 3435 1107 3523; baseline 0.001 -23"><span class='ocrx_word' id='word_1_210' title='bbox 87 3435 221 3501; x_wconf 82' lang='lat' dir='ltr'><strong>titudine</strong></span> <span class='ocrx_word' id='word_1_211' title='bbox 239 3438 324 3501; x_wconf 90' lang='lat' dir='ltr'><strong>cerni</strong></span> <span class='ocrx_word' id='word_1_212' title='bbox 340 3447 469 3523; x_wconf 85' lang='lat' dir='ltr'><strong>poterat.</strong></span> <span class='ocrx_word' id='word_1_213' title='bbox 496 3438 666 3503; x_wconf 88' lang='lat' dir='ltr'><strong>admiratus</strong></span> <span class='ocrx_word' id='word_1_214' title='bbox 684 3439 804 3521; x_wconf 89' lang='lat' dir='ltr'><strong>quaerit</strong></span> <span class='ocrx_word' id='word_1_215' title='bbox 822 3459 862 3501; x_wconf 82' lang='lat' dir='ltr'><strong>cx</strong></span> <span class='ocrx_word' id='word_1_216' title='bbox 879 3438 1020 3522; x_wconf 82' lang='lat' dir='ltr'><strong>perfugis</strong></span> <span class='ocrx_word' id='word_1_217' title='bbox 1034 3459 1107 3501; x_wconf 90' lang='lat' dir='ltr'><strong>eau-</strong></span> 
     </span>
     <span class='ocr_line' id='line_1_30' title="bbox 87 3530 1106 3616; baseline -0.001 -22"><span class='ocrx_word' id='word_1_218' title='bbox 87 3550 167 3607; x_wconf 88' lang='lat' dir='ltr'><strong>sam,</strong></span> <span class='ocrx_word' id='word_1_219' title='bbox 186 3550 319 3612; x_wconf 89' lang='lat' dir='ltr'><strong>qaorum</strong></span> <span class='ocrx_word' id='word_1_220' title='bbox 336 3553 470 3616; x_wconf 87' lang='lat' dir='ltr'><strong>magnus</strong></span> <span class='ocrx_word' id='word_1_221' title='bbox 488 3532 529 3596; x_wconf 93' lang='lat' dir='ltr'><strong>ad</strong></span> <span class='ocrx_word' id='word_1_222' title='bbox 547 3554 618 3596; x_wconf 89' lang='lat' dir='ltr'><strong>eum</strong></span> <span class='ocrx_word' id='word_1_223' title='bbox 636 3532 747 3597; x_wconf 88' lang='lat' dir='ltr'><strong>cotidie</strong></span> <span class='ocrx_word' id='word_1_224' title='bbox 761 3554 908 3596; x_wconf 88' lang='lat' dir='ltr'><strong>numerus</strong></span> <span class='ocrx_word' id='word_1_225' title='bbox 923 3530 1106 3595; x_wconf 84' lang='lat' dir='ltr'><strong>confluebat.</strong></span> 
     </span>
     <span class='ocr_line' id='line_1_31' title="bbox 88 3622 1108 3711; baseline 0.001 -24"><span class='ocrx_word' id='word_1_226' title='bbox 88 3622 254 3688; x_wconf 86' lang='lat' dir='ltr'><strong>constabat</strong></span> <span class='ocrx_word' id='word_1_227' title='bbox 270 3624 349 3689; x_wconf 88' lang='lat' dir='ltr'><strong>inter</strong></span> <span class='ocrx_word' id='word_1_228' title='bbox 366 3647 488 3702; x_wconf 88' lang='lat' dir='ltr'><strong>omnes,</strong></span> <span class='ocrx_word' id='word_1_229' title='bbox 515 3626 598 3709; x_wconf 90' lang='lat' dir='ltr'><strong>quod</strong></span> <span class='ocrx_word' id='word_1_230' title='bbox 620 3627 682 3691; x_wconf 91' lang='lat' dir='ltr'><strong>iam</strong></span> <span class='ocrx_word' id='word_1_231' title='bbox 704 3627 771 3711; x_wconf 91' lang='lat' dir='ltr'><strong>ipsc</strong></span> <span class='ocrx_word' id='word_1_232' title='bbox 790 3624 910 3690; x_wconf 89' lang='lat' dir='ltr'><strong>Caesar</strong></span> <span class='ocrx_word' id='word_1_233' title='bbox 926 3646 983 3709; x_wconf 90' lang='lat' dir='ltr'><strong>per</strong></span> <span class='ocrx_word' id='word_1_234' title='bbox 1000 3624 1108 3708; x_wconf 88' lang='lat' dir='ltr'><strong>explo-</strong></span> 
     </span>
     <span class='ocr_line' id='line_1_32' title="bbox 85 3719 1107 3806; baseline 0.002 -27"><span class='ocrx_word' id='word_1_235' title='bbox 85 3725 208 3781; x_wconf 85' lang='lat' dir='ltr'><strong>ratores</strong></span> <span class='ocrx_word' id='word_1_236' title='bbox 225 3729 427 3802; x_wconf 81' lang='lat' dir='ltr'><strong>cognoverat,</strong></span> <span class='ocrx_word' id='word_1_237' title='bbox 450 3719 578 3784; x_wconf 89' lang='lat' dir='ltr'><strong>dorsum</strong></span> <span class='ocrx_word' id='word_1_238' title='bbox 595 3741 665 3784; x_wconf 88' lang='lat' dir='ltr'><strong>esse</strong></span> <span class='ocrx_word' id='word_1_239' title='bbox 683 3720 749 3784; x_wconf 87' lang='lat' dir='ltr'><strong>cius</strong></span> <span class='ocrx_word' id='word_1_240' title='bbox 767 3719 832 3806; x_wconf 85' lang='lat' dir='ltr'><strong>iugi</strong></span> <span class='ocrx_word' id='word_1_241' title='bbox 849 3742 946 3805; x_wconf 88' lang='lat' dir='ltr'><strong>prope</strong></span> <span class='ocrx_word' id='word_1_242' title='bbox 964 3740 1107 3801; x_wconf 89' lang='lat' dir='ltr'><strong>acquum,</strong></span> 
     </span>
     <span class='ocr_line' id='line_1_33' title="bbox 88 3808 1109 3898; baseline -0.001 -24"><span class='ocrx_word' id='word_1_243' title='bbox 88 3808 146 3874; x_wconf 86' lang='lat' dir='ltr'><strong>scd</strong></span> <span class='ocrx_word' id='word_1_244' title='bbox 166 3808 253 3874; x_wconf 87' lang='lat' dir='ltr'><strong>hunc</strong></span> <span class='ocrx_word' id='word_1_245' title='bbox 279 3810 452 3876; x_wconf 85' lang='lat' dir='ltr'><strong>silvestrem</strong></span> <span class='ocrx_word' id='word_1_246' title='bbox 477 3822 509 3877; x_wconf 89' lang='lat' dir='ltr'><strong>et</strong></span> <span class='ocrx_word' id='word_1_247' title='bbox 534 3823 714 3898; x_wconf 85' lang='lat' dir='ltr'><strong>angustum,</strong></span> <span class='ocrx_word' id='word_1_248' title='bbox 741 3836 804 3896; x_wconf 90' lang='lat' dir='ltr'><strong>qua</strong></span> <span class='ocrx_word' id='word_1_249' title='bbox 829 3822 912 3879; x_wconf 88' lang='lat' dir='ltr'><strong>essct</strong></span> <span class='ocrx_word' id='word_1_250' title='bbox 940 3812 1042 3876; x_wconf 88' lang='lat' dir='ltr'><strong>aditus</strong></span> <span class='ocrx_word' id='word_1_251' title='bbox 1068 3813 1109 3874; x_wconf 90' lang='lat' dir='ltr'><strong>ad</strong></span> 
     </span>
     <span class='ocr_line' id='line_1_34' title="bbox 88 3901 1107 3990; baseline 0.003 -25"><span class='ocrx_word' id='word_1_252' title='bbox 88 3901 219 3967; x_wconf 84' lang='lat' dir='ltr'><strong>alteram</strong></span> <span class='ocrx_word' id='word_1_253' title='bbox 235 3913 356 3988; x_wconf 81' lang='lat' dir='ltr'><strong>partem</strong></span> <span class='ocrx_word' id='word_1_254' title='bbox 374 3905 493 3990; x_wconf 89' lang='lat' dir='ltr'><strong>oppidi:</strong></span> <span class='ocrx_word' id='word_1_255' title='bbox 514 3904 714 3970; x_wconf 86' lang='lat' dir='ltr'><strong>vehementer</strong></span> <span class='ocrx_word' id='word_1_256' title='bbox 735 3907 808 3970; x_wconf 92' lang='lat' dir='ltr'><strong>huic</strong></span> <span class='ocrx_word' id='word_1_257' title='bbox 825 3907 893 3970; x_wconf 91' lang='lat' dir='ltr'><strong>loeo</strong></span> <span class='ocrx_word' id='word_1_258' title='bbox 911 3906 981 3970; x_wconf 90' lang='lat' dir='ltr'><strong>illos</strong></span> <span class='ocrx_word' id='word_1_259' title='bbox 1000 3905 1107 3968; x_wconf 88' lang='lat' dir='ltr'><strong>timere</strong></span> 
     </span>
     <span class='ocr_line' id='line_1_35' title="bbox 89 3995 1108 4085; baseline 0.004 -27"><span class='ocrx_word' id='word_1_260' title='bbox 89 4016 147 4059; x_wconf 86' lang='lat' dir='ltr'><strong>nec</strong></span> <span class='ocrx_word' id='word_1_261' title='bbox 162 3995 229 4060; x_wconf 89' lang='lat' dir='ltr'><strong>iam</strong></span> <span class='ocrx_word' id='word_1_262' title='bbox 246 3996 335 4061; x_wconf 85' lang='lat' dir='ltr'><strong>aliter</strong></span> <span class='ocrx_word' id='word_1_263' title='bbox 351 4000 465 4064; x_wconf 88' lang='lat' dir='ltr'><strong>sentire</strong></span> <span class='ocrx_word' id='word_1_264' title='bbox 484 4021 545 4064; x_wconf 91' lang='lat' dir='ltr'><strong>uno</strong></span> <span class='ocrx_word' id='word_1_265' title='bbox 567 3998 645 4064; x_wconf 89' lang='lat' dir='ltr'><strong>colle</strong></span> <span class='ocrx_word' id='word_1_266' title='bbox 667 3998 707 4064; x_wconf 89' lang='lat' dir='ltr'><strong>ab</strong></span> <span class='ocrx_word' id='word_1_267' title='bbox 724 3999 874 4064; x_wconf 88' lang='lat' dir='ltr'><strong>Romanis</strong></span> <span class='ocrx_word' id='word_1_268' title='bbox 892 4009 1058 4085; x_wconf 88' lang='lat' dir='ltr'><strong>occupato,</strong></span> <span class='ocrx_word' id='word_1_269' title='bbox 1082 3999 1108 4062; x_wconf 91' lang='lat' dir='ltr'><strong>si</strong></span> 
     </span>
     <span class='ocr_line' id='line_1_36' title="bbox 89 4086 1107 4177; baseline 0 -23"><span class='ocrx_word' id='word_1_270' title='bbox 89 4086 221 4154; x_wconf 77' lang='lat' dir='ltr'><strong>alterum</strong></span> <span class='ocrx_word' id='word_1_271' title='bbox 238 4090 429 4170; x_wconf 88' lang='lat' dir='ltr'><strong>amisissent,</strong></span> <span class='ocrx_word' id='word_1_272' title='bbox 457 4092 532 4176; x_wconf 91' lang='lat' dir='ltr'><strong>quin</strong></span> <span class='ocrx_word' id='word_1_273' title='bbox 548 4114 648 4177; x_wconf 88' lang='lat' dir='ltr'><strong>paene</strong></span> <span class='ocrx_word' id='word_1_274' title='bbox 666 4093 890 4157; x_wconf 86' lang='lat' dir='ltr'><strong>circumvallati</strong></span> <span class='ocrx_word' id='word_1_275' title='bbox 912 4103 1005 4176; x_wconf 88' lang='lat' dir='ltr'><strong>atque</strong></span> <span class='ocrx_word' id='word_1_276' title='bbox 1023 4092 1107 4157; x_wconf 91' lang='lat' dir='ltr'><strong>omni</strong></span> 
     </span>
     <span class='ocr_line' id='line_1_37' title="bbox 90 4180 1109 4269; baseline 0.005 -25"><span class='ocrx_word' id='word_1_277' title='bbox 90 4180 174 4246; x_wconf 84' lang='lat' dir='ltr'><strong>exitu</strong></span> <span class='ocrx_word' id='word_1_278' title='bbox 196 4194 228 4248; x_wconf 89' lang='lat' dir='ltr'><strong>et</strong></span> <span class='ocrx_word' id='word_1_279' title='bbox 248 4182 448 4269; x_wconf 90' lang='lat' dir='ltr'><strong>pabulatione</strong></span> <span class='ocrx_word' id='word_1_280' title='bbox 473 4186 631 4250; x_wconf 87' lang='lat' dir='ltr'><strong>interclusi</strong></span> <span class='ocrx_word' id='word_1_281' title='bbox 655 4186 846 4251; x_wconf 88' lang='lat' dir='ltr'><strong>viderentur:</strong></span> <span class='ocrx_word' id='word_1_282' title='bbox 873 4186 914 4251; x_wconf 91' lang='lat' dir='ltr'><strong>ad</strong></span> <span class='ocrx_word' id='word_1_283' title='bbox 935 4187 1019 4251; x_wconf 92' lang='lat' dir='ltr'><strong>hunc</strong></span> <span class='ocrx_word' id='word_1_284' title='bbox 1040 4209 1109 4250; x_wconf 93' lang='lat' dir='ltr'><strong>mu-</strong></span> 
     </span>
     <span class='ocr_line' id='line_1_38' title="bbox 89 4273 1159 4366; baseline 0.007 -27"><span class='ocrx_word' id='word_1_285' title='bbox 89 4273 239 4341; x_wconf 88' lang='lat' dir='ltr'><strong>niendam</strong></span> <span class='ocrx_word' id='word_1_286' title='bbox 255 4299 365 4358; x_wconf 85' lang='lat' dir='ltr'><strong>omnes</strong></span> <span class='ocrx_word' id='word_1_287' title='bbox 382 4302 402 4342; x_wconf 90' lang='lat' dir='ltr'><strong>a</strong></span> <span class='ocrx_word' id='word_1_288' title='bbox 414 4277 669 4365; x_wconf 86' lang='lat' dir='ltr'><strong>Vercingetorige</strong></span> <span class='ocrx_word' id='word_1_289' title='bbox 682 4292 838 4344; x_wconf 87' lang='lat' dir='ltr'><strong>evocatos.</strong></span> <span class='ocrx_word' id='word_1_290' title='bbox 865 4280 924 4344; x_wconf 90' lang='lat' dir='ltr'><strong>hac</strong></span> <span class='ocrx_word' id='word_1_291' title='bbox 937 4303 970 4344; x_wconf 91' lang='lat' dir='ltr'><strong>rc</strong></span> <span class='ocrx_word' id='word_1_292' title='bbox 984 4281 1109 4366; x_wconf 87' lang='lat' dir='ltr'><strong>cognita</strong></span> <span class='ocrx_word' id='word_1_293' title='bbox 1127 4300 1159 4346; x_wconf 75' lang='lat' dir='ltr'><strong>se</strong></span> 
     </span>
     <span class='ocr_line' id='line_1_39' title="bbox 91 4364 1109 4457; baseline 0.005 -25"><span class='ocrx_word' id='word_1_294' title='bbox 91 4364 210 4435; x_wconf 84' lang='lat' dir='ltr'><strong>Cacsar</strong></span> <span class='ocrx_word' id='word_1_295' title='bbox 235 4369 330 4433; x_wconf 90' lang='lat' dir='ltr'><strong>mittit</strong></span> <span class='ocrx_word' id='word_1_296' title='bbox 358 4371 532 4457; x_wconf 87' lang='lat' dir='ltr'><strong>complures</strong></span> <span class='ocrx_word' id='word_1_297' title='bbox 560 4372 699 4454; x_wconf 90' lang='lat' dir='ltr'><strong>equitum</strong></span> <span class='ocrx_word' id='word_1_298' title='bbox 725 4387 843 4436; x_wconf 88' lang='lat' dir='ltr'><strong>turmas</strong></span> <span class='ocrx_word' id='word_1_299' title='bbox 870 4373 980 4437; x_wconf 88' lang='lat' dir='ltr'><strong>codem</strong></span> <span class='ocrx_word' id='word_1_300' title='bbox 1006 4374 1109 4437; x_wconf 90' lang='lat' dir='ltr'><strong>media</strong></span> 
     </span>
     <span class='ocr_line' id='line_1_40' title="bbox 90 4463 1108 4550; baseline 0.004 -24"><span class='ocrx_word' id='word_1_301' title='bbox 90 4474 194 4527; x_wconf 84' lang='lat' dir='ltr'><strong>nocte:</strong></span> <span class='ocrx_word' id='word_1_302' title='bbox 221 4463 366 4549; x_wconf 89' lang='lat' dir='ltr'><strong>imperat,</strong></span> <span class='ocrx_word' id='word_1_303' title='bbox 393 4478 429 4530; x_wconf 92' lang='lat' dir='ltr'><strong>ut</strong></span> <span class='ocrx_word' id='word_1_304' title='bbox 449 4465 543 4550; x_wconf 90' lang='lat' dir='ltr'><strong>paulo</strong></span> <span class='ocrx_word' id='word_1_305' title='bbox 565 4465 786 4531; x_wconf 86' lang='lat' dir='ltr'><strong>tumultuosius</strong></span> <span class='ocrx_word' id='word_1_306' title='bbox 809 4466 953 4531; x_wconf 90' lang='lat' dir='ltr'><strong>omnibus</strong></span> <span class='ocrx_word' id='word_1_307' title='bbox 978 4467 1011 4531; x_wconf 90' lang='lat' dir='ltr'><strong>in</strong></span> <span class='ocrx_word' id='word_1_308' title='bbox 1031 4465 1108 4530; x_wconf 87' lang='lat' dir='ltr'><strong>locis</strong></span> 
     </span>
     <span class='ocr_line' id='line_1_41' title="bbox 91 4559 1109 4648; baseline 0.007 -31"><span class='ocrx_word' id='word_1_309' title='bbox 91 4566 287 4642; x_wconf 85' lang='lat' dir='ltr'><strong>vagarentur.</strong></span> <span class='ocrx_word' id='word_1_310' title='bbox 331 4559 431 4644; x_wconf 85' lang='lat' dir='ltr'><strong>prima</strong></span> <span class='ocrx_word' id='word_1_311' title='bbox 452 4560 522 4625; x_wconf 88' lang='lat' dir='ltr'><strong>luce</strong></span> <span class='ocrx_word' id='word_1_312' title='bbox 543 4583 693 4647; x_wconf 87' lang='lat' dir='ltr'><strong>magnum</strong></span> <span class='ocrx_word' id='word_1_313' title='bbox 716 4584 880 4626; x_wconf 84' lang='lat' dir='ltr'><strong>numerum</strong></span> <span class='ocrx_word' id='word_1_314' title='bbox 905 4561 1109 4648; x_wconf 88' lang='lat' dir='ltr'><strong>impedimen·</strong></span> 
     </span>
    </p>
   </div>
   <div class='ocr_carea' id='block_1_3' title="bbox 0 0 1352 5206">
    <p class='ocr_par' dir='ltr' id='par_1_4' title="bbox 0 0 1352 5206">
     <span class='ocr_line' id='line_1_42' title="bbox 0 0 1352 5206; baseline 0 0"><span class='ocrx_word' id='word_1_315' title='bbox 0 0 1352 5206; x_wconf 95' lang='lat' dir='ltr'><strong> </strong></span> 
     </span>
    </p>
   </div>
  </div>
 </body>
</html>
