2692 5206
449 826 566 883 COMM.
584 828 607 881 I.
626 827 745 883 15-18.
1086 814 1107 879 9

78 953 203 1019 diutius
221 950 294 1015 duci
311 950 463 1015 intellexit
479 961 510 1013 et
528 951 610 1015 diem
627 951 830 1034 iacturaque
847 951 898 1015 die
915 950 1106 1015 frumentum

78 1047 237 1114 militibus
260 1046 361 1109 metiri
383 1056 550 1130 oporteret,
574 1047 752 1110 convocatis
775 1043 1105 1130 comprincipibus,

80 1166 221 1227 quorum
239 1163 386 1226 magnam
404 1139 526 1224 copiam
544 1140 577 1203 in
595 1141 704 1204 castris
723 1139 871 1216 habebat,
894 1141 928 1203 in
947 1139 997 1204 his
1014 1138 1107 1203 Divi-

82 1237 169 1301 tiaeo
193 1246 225 1300 et
245 1235 358 1311 Lisco,
386 1233 441 1316 qui
463 1256 585 1298 summo
612 1234 806 1319 magistratui
832 1243 985 1318 praeerat,
1012 1254 1107 1317 quem

82 1329 307 1417 vergobretum
339 1327 497 1412 appellant
522 1327 663 1404 Haedui,
695 1328 748 1411 qui
778 1337 900 1392 creatur
929 1350 1051 1393 annuus
1076 1336 1108 1391 et

84 1425 171 1489 vitae
188 1423 336 1506 necisque
353 1422 387 1484 in
405 1443 479 1485 suos
498 1421 592 1486 habet
609 1432 809 1506 potestatem,
832 1421 968 1507 grasiter
984 1444 1038 1486 eos
1056 1443 1107 1487 ac-

85 1530 187 1595 cusat,
206 1516 301 1600 quod,
319 1537 392 1580 cum
409 1537 510 1599 neque
528 1517 589 1579 euri
612 1538 713 1598 noque
731 1538 770 1579 ex
788 1516 872 1601 agris
890 1517 972 1580 sumi
989 1526 1104 1601 posset,

86 1625 154 1676 tam
174 1610 351 1675 necessario
374 1618 527 1694 ternpore,
550 1619 615 1673 tam
636 1609 819 1694 propinquis
841 1609 984 1674 hostibus
1006 1609 1046 1674 ab
1069 1610 1123 1687 iis,

86 1729 152 1771 non
173 1705 368 1781 sublevetur3
396 1704 579 1788 praesertim
601 1726 673 1767 cum
694 1727 810 1789 magna
831 1726 871 1767 ex
893 1715 979 1788 parte
1002 1725 1109 1767 eorum

87 1798 234 1885 precibus
261 1797 414 1862 adductus
439 1796 557 1861 bellurn
583 1797 768 1883 susceperit,
795 1797 893 1861 multo
920 1798 1013 1861 etiam
1038 1820 1109 1883 gra-

87 1894 174 1969 vius,
196 1892 282 1977 quod
304 1891 345 1956 sit
365 1890 547 1967 destitutus,
570 1893 718 1975 queritur.
763 1902 829 1955 tum
847 1891 973 1956 demum
990 1891 1108 1956 Liseus
1130 1913 1158 1957 17

87 1987 228 2052 oratione
256 1984 401 2051 Caesaris
429 1985 596 2063 adductus,
624 1986 708 2068 quod
734 1995 826 2051 antea
855 1995 1007 2062 tacuerat,
1038 2008 1110 2070 pro-

86 2081 189 2167 ponit:
221 2103 292 2145 esse
317 2080 498 2156 nonnullos,
524 2101 657 2163 quorum
682 2081 849 2144 auctoritas
875 2080 960 2166 apud
985 2079 1109 2166 plebem

87 2175 257 2260 plurimum
279 2174 396 2252 valcat,
423 2174 477 2258 qui
503 2175 648 2259 privatim
673 2175 744 2259 plus
770 2175 904 2260 possint,
927 2197 1021 2257 quam
1048 2174 1109 2259 ipsi

87 2270 304 2356 magistratus.
343 2268 401 2333 hos
424 2269 573 2334 seditiosa
594 2279 687 2352 atque
709 2269 850 2354 improba
872 2270 1009 2334 oratione
1031 2268 1111 2333 mul-

89 2362 256 2427 titudinem
273 2363 442 2440 deterrere,
465 2385 504 2426 ne
523 2364 713 2427 frumentum
732 2363 902 2439 conserant,
921 2363 1005 2446 quod
1021 2385 1111 2447 prac-

88 2468 172 2521 stare
195 2456 344 2522 debeant:
373 2457 484 2521 eiiam
506 2458 713 2542 principatum
737 2455 857 2522 Galbae
884 2457 1022 2522 obtinere
1048 2480 1111 2521 non

88 2551 226 2635 possint,
251 2549 415 2616 Gallorum
438 2574 532 2633 (luam
555 2552 768 2616 Romanorum
789 2553 919 2637 imperia
944 2551 1109 2637 praeferre,

89 2666 193 2727 neque
215 2644 359 2709 dubitare
383 2642 561 2731 [debeant],
588 2646 676 2728 quin,
705 2646 732 2709 si
754 2645 918 2709 Ilclrctios
946 2667 1111 2729 superave-

87 2739 151 2803 rint
177 2738 327 2815 Romani,
355 2762 417 2803 una
444 2761 515 2802 cum
541 2739 661 2822 reliqua
688 2736 792 2803 Gallia
818 2738 961 2802 Haeduis
989 2738 1112 2804 liberta-

89 2848 155 2896 tem
172 2832 236 2897 sint
254 2832 398 2917 erepturi.
438 2832 478 2897 ab
497 2833 614 2898 eisdem
637 2843 744 2897 nostra
766 2832 895 2896 consilia
917 2854 1057 2914 quaeque
1080 2832 1112 2893 in

88 2926 201 2991 castris
218 2936 367 3013 gerantur
384 2925 527 2991 hostibus
546 2927 713 2991 enuntiari:
731 2926 790 2991 hos
808 2950 827 2990 a
845 2948 879 2989 se
898 2924 1033 2989 coiirceri
1050 2947 1113 2988 non

86 3041 199 3104 posse:
225 3020 302 3103 quin
324 3020 431 3097 ctiam,
454 3020 539 3103 quod
564 3021 772 3085 necessariam
799 3030 1013 3099 remcoactus
1033 3016 1114 3081 Cae-

89 3114 154 3177 sari
177 3113 359 3189 enuntiarit,
381 3114 561 3200 intellegere
584 3137 666 3193 sese,
690 3125 807 3198 quanto
829 3114 862 3178 id
883 3135 954 3177 cum
975 3111 1113 3197 periculo

87 3207 213 3284 fecerit,
237 3216 269 3271 et
286 3207 326 3272 ob
346 3230 415 3271 eam
437 3230 579 3285 causam,
602 3232 697 3292 quam
719 3210 773 3273 diu
795 3208 943 3294 potuerit,
967 3207 1111 3272 tacuisse.

89 3301 212 3367 Caesar
236 3302 297 3367 hae
323 3304 462 3368 oratione
488 3304 578 3369 Lisci
604 3303 849 3389 Dumnorigem,
876 3301 1027 3366 Divitiaei
1052 3300 1115 3364 sra-
1134 3317 1164 3365 18

88 3410 180 3473 trem,
195 3397 355 3482 designari
373 3397 536 3475 sentiebat,
557 3398 622 3475 scd,
637 3398 721 3481 quod
739 3397 881 3482 pluribus
899 3394 1113 3481 praesentibus

88 3514 145 3557 cas
161 3513 212 3555 res
225 3491 334 3556 iactari
351 3491 485 3569 nolebat,
501 3491 641 3557 celeriter
653 3492 818 3557 concilium
833 3491 967 3566 dimittit,
981 3490 1114 3554 Liscum

87 3586 211 3651 retinet.
244 3586 365 3668 quaerit
378 3609 417 3651 ex
433 3586 500 3652 solo
515 3609 561 3664 ca,
576 3609 655 3670 quae
670 3587 702 3649 in
716 3597 870 3650 conventu
885 3585 1013 3649 dixerat.
1041 3583 1115 3645 dicit

87 3679 220 3745 liberius
243 3690 337 3763 atque
359 3682 519 3748 audacius.
561 3682 670 3747 eadem
694 3691 813 3745 secreto
831 3679 871 3744 ab
890 3679 958 3744 aliis
981 3677 1098 3761 quaerit
1105 3701 1113 3751 3

87 3775 206 3859 reperit
223 3796 294 3839 esse
311 3798 399 3839 vera:
418 3776 523 3861 ipsum
537 3798 607 3840 esse
620 3775 859 3860 Dumnorigem,
880 3796 1002 3838 summa
1020 3771 1115 3834 autla-

88 3869 149 3946 cia,
164 3891 281 3954 magna
295 3869 379 3952 apud
396 3868 520 3954 plebem
538 3880 664 3954 propter
676 3867 892 3932 liberalitatem
906 3866 1014 3952 gratia
1030 3863 1116 3947 cupi-

89 3963 167 4027 dum
185 3985 289 4027 rerum
303 3986 464 4051 novarum.
493 3964 659 4048 compluris
673 3987 769 4027 armos
784 3962 920 4047 portoria
936 3959 1116 4041 reliquaque

89 4058 198 4123 omnia
213 4058 420 4123 Haeduorum
447 4060 612 4144 vectigalia
637 4082 734 4144 parvo
760 4058 859 4142 pretio
881 4056 1040 4139 redempta
1061 4052 1117 4116 ba-

90 4150 175 4229 bere,
190 4163 364 4238 propterea,
379 4153 463 4236 quod
477 4153 530 4217 illo
545 4153 656 4218 licente
671 4166 778 4217 contra
790 4151 875 4215 liceri
889 4149 1001 4214 audeat
1015 4170 1115 4211 nemo.

89 4247 141 4311 lris
158 4247 255 4312 rebus
269 4258 301 4311 et
317 4271 407 4312 suam
425 4270 492 4312 rem
506 4248 690 4312 familiarem
704 4247 829 4311 auxisse
848 4255 878 4308 et
896 4244 1059 4308 facultates
1077 4241 1118 4305 ad

87 4343 289 4430 largiendum
307 4366 440 4428 magnas
456 4365 670 4427 comparasse;
690 4364 838 4425 maguum
854 4362 1017 4402 nurrrcrum
1032 4337 1117 4420 equi-

89 4448 175 4504 tatus
190 4461 248 4504 suo
266 4450 394 4523 sumptu
412 4459 536 4522 semper
553 4438 634 4501 alere
648 4447 679 4500 et
693 4437 808 4500 circum
828 4458 861 4498 se
879 4434 1117 4513 haberemque

88 4533 196 4599 solum
219 4534 320 4609 domi,
348 4533 405 4598 scd
431 4533 526 4596 otiam
548 4533 631 4616 apud
657 4531 804 4594 linitirrras
827 4529 967 4593 civitates
994 4526 1119 4609 largiter

86 4652 196 4717 posse,
214 4640 310 4714 atquc
327 4628 420 4692 buius
437 4626 595 4712 potentiae
613 4649 710 4691 causa
726 4636 856 4690 matrem
875 4625 907 4687 in
925 4619 1117 4704 Biturigibus
