2692 5206
411 810 528 867 COMM.
545 812 595 868 Vl.
612 811 731 866 20-24.
1017 803 1079 869 105

45 958 115 1021 quo
137 935 211 1001 loeo
227 936 332 1000 visum
354 943 403 1000 est
424 935 492 1021 agri
514 934 686 999 attribuunt
707 944 799 1019 atque
821 959 903 1002 anno
924 948 996 1023 post
1017 938 1078 1005 alio

46 1031 185 1096 transire
203 1039 329 1116 eogimt.
373 1030 440 1094 eius
462 1030 507 1093 rei
529 1029 643 1093 multas
666 1029 800 1093 afferunt
821 1052 947 1097 causas:
969 1053 1009 1097 ne
1026 1055 1078 1098 ss·

48 1125 146 1189 sidua
170 1123 397 1189 consuetudine
424 1124 506 1208 capti
533 1124 670 1187 studium
692 1123 765 1188 belli
788 1126 917 1210 gerendi
943 1126 1078 1212 agrictrl·

48 1229 121 1284 turra
139 1229 332 1283 commutent
338 1243 347 1295 ;
374 1217 510 1283 uelatos
532 1218 610 1282 fines
628 1240 737 1303 parare
760 1219 904 1285 studeant
925 1221 1077 1306 potentio·

49 1334 164 1397 resque
183 1312 364 1377 humiliores
382 1312 634 1396 possessionibus
653 1313 822 1397 expellant3
845 1336 884 1379 ne
902 1316 1076 1380 accuratius

51 1406 91 1471 ad
107 1407 231 1492 tn'gora
247 1418 341 1490 atque
358 1417 463 1472 aestus
481 1408 624 1473 vitandos
638 1408 815 1485 aedificent;
833 1431 872 1473 ne
886 1430 949 1492 qua
961 1410 1077 1475 oriatur

52 1502 206 1586 pecuniae
227 1501 396 1585 cupiditas,
423 1523 486 1585 qua
512 1523 551 1566 ex
572 1525 606 1566 re
628 1501 780 1566 sactiones
802 1502 1076 1587 dissensionesque

52 1606 240 1674 meantum
257 1605 293 1659 ut
301 1596 396 1660 animi
405 1596 560 1680 aequitate
573 1596 697 1680 plebem
710 1595 897 1675 contineant,
916 1618 987 1662 cum
1002 1620 1075 1664 suas
1156 1654 1158 1659 .

53 1691 188 1774 quisque
206 1711 282 1775 opes
300 1712 372 1754 cum
393 1691 618 1776 potentissimis
638 1691 765 1774 aequari
788 1691 901 1756 videat.
945 1691 1077 1757 civitati-
1094 1711 1126 1758 23

54 1782 112 1849 bus
129 1784 270 1849 maxima
286 1784 355 1849 laus
377 1793 425 1849 cst
442 1806 537 1868 quam
557 1784 725 1849 latissimas
751 1785 867 1850 circum
890 1807 924 1850 se
946 1787 1075 1852 vastatis

56 1877 167 1943 finibus
191 1878 374 1944 solitudines
396 1878 521 1944 habere.
565 1878 624 1942 hoc
646 1879 805 1963 proprium
826 1879 948 1945 virtutis
970 1880 1077 1945 existi·

58 1982 155 2049 nnat,
182 1971 332 2057 expulsos
350 1972 434 2058 agris
451 1972 599 2037 finitimos
618 1973 742 2049 cedere,
768 1994 870 2057 neque
887 1994 1076 2058 quemquam

60 2087 151 2151 prope
167 2067 284 2131 audere
302 2067 485 2144 consistere3
512 2066 604 2131 simul
626 2065 686 2131 hec
704 2088 737 2131 se
756 2066 823 2131 lore
844 2067 972 2133 tutiores
994 2065 1076 2132 arbi-

63 2170 174 2225 tantm
190 2161 369 2246 repentinae
386 2160 572 2225 incursionis
586 2160 695 2225 timore
710 2158 842 2226 sublato.
869 2183 942 2226 cum
959 2159 1076 2226 bellum

65 2253 164 2321 civitas
181 2265 236 2320 aut
252 2255 372 2320 illatum
390 2255 528 2320 defendit
545 2267 600 2319 aut
615 2255 722 2332 infert,
741 2256 956 2341 magistratus,
974 2255 1029 2339 qui
1045 2256 1074 2320 ci

67 2345 138 2414 bello
153 2350 305 2435 praesint,
328 2360 363 2415 ut
379 2351 461 2416 vitae
478 2351 625 2434 necisque
643 2350 778 2415 habeant
798 2361 998 2436 potestatem,
1020 2351 1075 2416 de-

70 2438 202 2527 liguntur.
246 2444 278 2507 in
296 2466 373 2530 pace
391 2445 496 2509 nullus
513 2456 562 2509 est
579 2445 753 2509 communis
775 2446 990 2530 magistratus,
1018 2446 1075 2510 sed

74 2535 211 2623 principes
233 2538 396 2624 regionum
418 2549 511 2623 atque
532 2560 686 2625 pagorum
708 2539 788 2603 inter
804 2561 878 2603 suos
900 2539 950 2604 ius
968 2539 1075 2603 dicunt

78 2632 343 2716 muneremiasque
360 2634 513 2698 minuunt.
557 2633 740 2698 Latrocinia
760 2633 878 2697 nullam
895 2631 1011 2697 habent
1027 2632 1075 2696 in-

80 2718 192 2802 lunium,
210 2747 290 2809 quae
309 2737 396 2791 extra
412 2727 490 2792 fines
509 2728 660 2811 cuiusque
678 2727 811 2791 civitatis
824 2726 912 2802 fiunt,
931 2736 1024 2809 atque
1037 2749 1076 2790 ca

81 2812 224 2884 iuventutis
246 2822 436 2885 exercendae
458 2843 495 2885 ac
516 2821 654 2886 desidiae
676 2820 862 2883 minuendae
889 2841 985 2884 eausa
1009 2820 1076 2883 fieri

83 2911 243 2988 medicant
270 2925 362 2998 atquo
379 2915 435 2980 ubi
452 2915 522 2998 quis
541 2937 580 2979 ex
593 2913 785 2999 principibus
798 2913 832 2977 in
844 2912 974 2979 concilio
988 2912 1074 2991 dixit,

85 3020 112 3063 re
123 3002 220 3071 ducem
239 3007 319 3086 lore,
342 3009 397 3093 qui
415 3009 504 3092 sequi
520 3009 629 3085 velint,
648 3007 864 3092 profiteantur,
883 3016 1076 3092 consurgtmt

84 3089 112 3168 lb
126 3099 171 3181 qui
185 3110 216 3165 et
233 3123 361 3166 causam
379 3113 409 3166 et
426 3102 585 3167 hominem
601 3101 734 3187 probant
753 3124 907 3185 suumque
925 3101 1076 3165 auxilium

84 3184 239 3266 mdcentur
259 3204 353 3278 atque
374 3195 414 3260 ab
432 3197 629 3261 multitudine
652 3196 880 3261 collaudantur:
907 3195 963 3279 qui
979 3217 1020 3259 ex
1036 3195 1075 3259 iis

85 3285 159 3348 aaut
173 3310 234 3352 non
251 3299 333 3365 sunt,
352 3289 385 3353 in
402 3290 594 3355 desertorum
611 3312 649 3354 ac
665 3289 858 3373 proditorum
875 3311 1005 3354 numero
1018 3289 1075 3353 du-

85 3383 374 3466 muronniumque
383 3383 431 3448 his
441 3407 545 3449 rerum
556 3394 666 3469 postea
679 3383 756 3449 fides
771 3385 946 3470 derogatur.
969 3382 1076 3468 hospi-

86 3472 252 3553 teneura,
277 3477 326 3541 fas
345 3500 408 3541 non
424 3488 549 3562 putant;
571 3479 625 3560 qui
647 3500 843 3561 quacumque
861 3478 901 3541 de
923 3500 1018 3541 causa
1034 3476 1076 3541 ad

85 3579 288 3646 sevenerunt,
307 3570 347 3635 ab
364 3571 476 3635 iniuria
489 3571 663 3656 prohibent,
683 3582 807 3636 sanctos
820 3570 945 3647 habent,
964 3570 1075 3653 hisque

83 3660 195 3727 anuum
216 3663 330 3729 domus
352 3674 459 3749 patent
480 3667 642 3749 victusque
661 3666 916 3729 communicatur.
960 3685 998 3728 ac
1015 3663 1075 3726 suit
1092 3681 1125 3728 24

82 3760 151 3819 wlco
172 3766 309 3843 tempus,
337 3781 408 3823 eum
431 3757 606 3824 Germanos
635 3757 719 3824 Galli
744 3759 857 3823 virtute
884 3768 1073 3842 superarent,

81 3841 231 3917 derbeus
243 3853 401 3930 inferrent,
420 3865 546 3939 propter
564 3853 727 3918 hominum
747 3852 976 3917 midtitudinem
993 3851 1076 3936 agri-

81 3958 125 4021 que
136 3945 269 4032 inopiam
287 3958 372 4013 nans
385 3949 532 4014 Rhenum
550 3949 688 4014 colonias
705 3949 872 4013 mitterent.
904 3948 1008 4030 itaque
1027 3968 1073 4019 ea,

80 4050 140 4114 quac
153 4040 343 4107 fertilissima
357 4041 544 4108 Germaniae
562 4054 644 4121 sunt,
662 4043 732 4108 loca
749 4044 865 4108 circum
882 4040 1075 4126 Hercyniam

79 4126 180 4213 ultam,
211 4158 308 4220 quam
332 4137 535 4203 Eratostheni
561 4149 593 4203 et
617 4137 805 4222 quibusdam
832 4135 963 4202 Graccis
990 4136 1075 4200 fama

79 4234 161 4293 tcum
176 4252 247 4295 esse
263 4231 370 4310 video,
394 4255 488 4317 quam
505 4231 550 4296 illi
569 4230 741 4316 Orcyniam
763 4232 934 4316 appellant,
956 4229 1074 4295 Volcae

78 4310 246 4411 Tectosages
259 4336 490 4410 occupaverunt
503 4338 595 4410 atque
608 4326 652 4390 ibi
666 4327 885 4403 consederunt3
904 4346 984 4410 quae
996 4348 1074 4410 gens

77 4410 169 4482 tdhce
180 4429 304 4505 tempus
317 4420 366 4485 his
380 4421 508 4485 sedibus
523 4443 592 4485 sese
601 4420 738 4486 continet
752 4441 969 4503 summamque
981 4417 1075 4483 habet

76 4500 190 4577 ilutitiae
207 4523 240 4576 et
256 4512 386 4579 bellicae
408 4514 509 4579 laudis
532 4515 718 4600 opinionem.
762 4537 854 4588 nunc,
867 4513 952 4598 quod
973 4513 1006 4576 in
1023 4534 1075 4576 ea·

76 4594 133 4668 lem
154 4605 272 4692 inopia,
303 4617 441 4695 egestate
467 4608 676 4694 patientiaque
704 4606 854 4674 Germani
883 4616 1073 4692 permanent,
