2692 5206
421 127 537 178 corut.
558 129 592 179 11.
612 131 671 178 21-
690 130 730 180 rr.
1021 118 1081 179 9251

59 250 288 335 pretiosarum
307 264 337 312 ct
356 252 546 313 exercituum
570 253 755 335 desperatis,
784 274 861 333 <piros
885 254 915 314 in
936 253 1081 316 Caesaris

57 355 245 429 potestatem
264 345 387 408 venisse
406 357 630 430 cognoverant,
659 367 728 409 sese
751 345 863 410 dedere
886 347 953 411 sine
971 347 1081 411 fraude

56 437 261 503 constituunt.
306 438 362 501 scd
380 439 488 522 paucis
507 448 577 502 ante
595 438 706 503 dicbus
723 440 765 503 L.
778 437 938 505 Domitius
957 441 1082 526 cognita

53 530 307 597 Massiliensium
320 531 478 597 voluntate
492 532 624 597 navibus
633 533 686 597 111
700 535 896 618 comparatis,
915 556 954 599 ex
967 534 1081 619 quibus

54 627 138 691 duas
151 624 357 691 familiaribus
372 627 437 691 suis
452 627 641 704 attribuerat,
660 650 755 692 unam
768 629 836 713 ipse
849 630 1081 706 conscenderat,

54 729 171 785 nactus
189 718 344 784 turbidam
363 731 579 805 tempestatem
596 721 755 805 prefectus
774 730 831 786 est.
857 721 941 787 hunc
959 724 1082 808 conspi-

56 824 148 879 catae
165 835 277 889 naves,
300 835 380 896 quae
398 815 498 879 missu
514 815 606 878 Bruti
628 816 852 880 consuetudine
870 815 1025 881 cotidiana
1041 817 1082 881 ad

55 920 183 995 portum
201 908 411 986 excubabant,
430 909 560 973 sublatis
579 910 700 974 ancoris
720 911 807 993 sequi
826 920 1002 995 coeperunt.
1042 932 1082 975 ex

55 1003 107 1067 his
126 1025 224 1066 unum
242 1002 340 1087 ipsius
358 1003 519 1088 navigium
537 1004 694 1068 contendit
707 1013 737 1067 et
751 1003 860 1089 fugere
873 1003 1082 1088 perseveravit

55 1097 238 1180 auxilioque
256 1098 448 1181 tempestatis
467 1120 507 1162 cx
529 1110 698 1183 conspeetu
720 1098 809 1175 abiit,
837 1099 900 1163 duo
920 1098 1082 1184 perterrita

57 1212 215 1257 concursu
240 1201 415 1256 nostramm
441 1192 568 1256 navium
595 1215 664 1257 sese
691 1193 723 1256 in
744 1203 868 1277 portum
889 1202 1080 1278 receperunt.

57 1285 276 1351 Massilienses
295 1309 381 1350 arma
399 1296 612 1370 tormentaque
630 1310 670 1352 ex
687 1287 813 1371 oppido,
832 1298 866 1351 ut
883 1296 932 1351 cst
948 1286 1081 1371 impera-

58 1388 135 1456 tum,
153 1379 324 1465 profenmt,
344 1380 431 1445 navis
450 1402 490 1444 ex
507 1393 598 1465 portu
615 1380 841 1464 navalibusque
859 1380 1009 1457 educunt,
1026 1402 1081 1466 pc-

59 1473 185 1540 euniam
201 1495 242 1538 ex
258 1472 383 1559 publico
402 1475 536 1539 tradunt.
564 1474 677 1559 quibus
690 1475 784 1540 rebus
798 1475 947 1540 consectis
962 1473 1082 1540 Caesar

59 1569 161 1655 magis
183 1589 238 1633 eos
260 1589 317 1652 pro
338 1569 462 1634 nomine
485 1578 516 1632 et
538 1580 692 1634 vetustate
713 1590 809 1653 quam
830 1592 887 1655 pro
909 1568 1026 1634 meritis
1048 1569 1081 1633 iu

60 1684 93 1727 se
108 1661 245 1727 civitatis
262 1683 451 1728 conservans
469 1662 547 1726 duas
566 1661 609 1726 ibi
627 1662 766 1749 legiones
779 1662 934 1748 praesidio
947 1662 1079 1747 reliquit,

60 1764 179 1821 ceteras
195 1755 229 1819 in
245 1754 368 1819 ltaliam
387 1756 493 1833 mittit;
511 1756 579 1841 ipse
597 1756 636 1820 ad
654 1755 764 1821 urbem
781 1756 994 1841 proficiscitur.

119 1848 241 1914 Iisdem
264 1848 455 1933 temporibus
475 1849 512 1913 C.
533 1848 629 1913 Curio
651 1850 684 1913 iu
701 1849 843 1915 Africam
865 1849 1023 1935 profectus
1041 1871 1081 1914 ex
1099 1869 1131 1916 23

62 1940 169 2009 Sicilia
185 1953 217 2008 et
234 1943 296 2007 iam
315 1943 354 2008 ab
372 1943 459 2007 initio
478 1943 583 2028 copias
593 1943 631 2007 P.
642 1942 711 2007 Atti
724 1942 801 2008 Vari
815 1943 989 2028 despiciens
1001 1944 1081 2007 duas

60 2037 199 2125 legiones
221 2059 261 2102 ex
283 2036 368 2114 IIII,
395 2060 473 2121 quas
496 2061 515 2101 a
538 2035 674 2101 Caesare
700 2046 874 2121 acceperat,
900 2035 933 2100 D
961 2036 1080 2120 equites

61 2130 288 2217 transportabat
305 2130 462 2215 biduoque
480 2141 510 2196 et
528 2130 671 2195 noctibus
687 2129 784 2195 tribus
798 2129 995 2216 navigatione
1008 2151 1081 2194 con-

63 2225 192 2311 sumptis
207 2224 335 2310 appellit
352 2225 393 2289 ad
410 2248 482 2289 cum
499 2225 613 2302 locum,
633 2224 686 2307 qui
700 2223 873 2308 appellatur
885 2222 1079 2307 Anquilaria.

62 2318 110 2385 bic
125 2319 215 2385 locus
232 2319 322 2385 abest
339 2343 359 2384 a
377 2318 507 2404 Clupeis
525 2341 675 2404 passuum
693 2317 802 2382 XXII
819 2318 905 2382 milia
925 2316 1081 2400 habetque

64 2435 123 2479 non
137 2413 369 2479 incommodam
386 2423 504 2478 aestate
517 2413 682 2478 stationem
695 2422 726 2476 et
738 2411 861 2476 duobus
874 2410 1081 2477 eminentibus

65 2507 280 2591 promuntoriis
298 2508 479 2572 continetur.
515 2507 607 2572 huius
626 2507 793 2572 adventum
811 2505 853 2571 L.
868 2504 987 2570 Caesar
998 2504 1081 2569 lilius

70 2599 179 2665 eumX
189 2601 293 2687 longis
305 2601 438 2666 navibus
452 2602 492 2666 ad
502 2600 656 2686 Clupeam
668 2601 871 2686 praestolans,
890 2623 968 2684 quas
984 2621 1080 2664 naves

72 2690 175 2759 Uticae
187 2717 227 2760 ex
239 2697 432 2780 praedonum
446 2695 527 2761 bello
540 2697 710 2761 subductas
724 2695 762 2761 P.
776 2693 884 2761 Attius
897 2695 1080 2760 reficiendas

74 2784 156 2853 buius
172 2788 246 2856 belli
263 2811 359 2855 causa
377 2802 552 2866 curaverat,
571 2791 688 2855 veritus
705 2790 833 2855 navium
850 2789 1080 2853 multitudinem

79 2899 110 2942 ex
125 2881 186 2947 alto
206 2882 363 2969 refugerat
385 2884 578 2968 appulsaque
601 2885 641 2948 ad
663 2884 840 2968 proximum
861 2882 935 2946 litus
958 2882 1081 2946 trireme

82 2984 217 3041 consueta
238 2986 269 3042 et
290 2977 323 3040 in
344 2977 433 3042 litore
459 2978 567 3043 relicta
588 2978 721 3063 pedibus
744 2977 954 3043 Adrumetum
975 2975 1081 3061 perfu-

85 3078 160 3149 gerat.
200 3071 234 3136 id
256 3072 405 3156 oppidum
430 3072 468 3138 C.
488 3072 657 3138 Considius
680 3074 812 3158 Longus
834 3072 926 3136 unius
948 3070 1080 3155 legionis

86 3163 215 3239 Praesidio
233 3165 386 3230 tuebatur.
426 3167 564 3250 reliquae
583 3166 728 3233 Caesaris
746 3188 843 3231 naves
866 3165 933 3230 eius
951 3164 1029 3248 fuga
1047 3185 1081 3227 sc

10 3286 13 3345 q
89 3247 270 3323 lbanetum
280 3272 471 3344 receperunt.
498 3261 580 3325 hunc
591 3270 715 3325 secutus
725 3259 864 3324 Marcius
874 3257 978 3322 Rufus
988 3279 1083 3339 quac·

10 3352 13 3425 !
90 3353 137 3412 ⁸²⁰1
149 3353 276 3419 mribus
293 3354 376 3432 ΧΠ,
394 3378 473 3439 quas
491 3356 647 3441 praesidio
666 3356 814 3419 onerariis
831 3353 964 3418 navibus
984 3350 1082 3417 Curio

10 3430 12 3447 Ι
90 3440 231 3513 usitilia
253 3448 416 3525 eduxerat,
444 3462 609 3534 postquam
636 3451 668 3514 in
693 3450 782 3514 litore
808 3449 948 3513 relictam
969 3469 1082 3511 navem

10 3472 13 3623 l
90 3543 232 3626 mansit,
250 3543 332 3608 hanc
349 3544 486 3609 remulco
503 3545 668 3622 abstraxit3
686 3545 754 3628 ipse
773 3544 813 3608 ad
827 3542 996 3608 Curionem
1010 3563 1081 3607 cum

10 3648 12 3665 '
90 3637 250 3703 mactasse
268 3638 357 3702 redit.
403 3638 499 3703 Curio
517 3639 674 3704 Marcium
691 3638 819 3704 Uticam
841 3636 974 3702 navibus
991 3659 1081 3723 prac-
1099 3655 1131 3702 24

90 3718 169 3808 mittit;
184 3732 252 3818 ipse
270 3733 381 3797 eodem
398 3755 470 3797 cum
488 3734 626 3798 exercitu
642 3731 847 3819 proficiscitur
864 3730 1013 3814 biduique
1025 3731 1083 3794 iter

90 3824 246 3904 imgressus
260 3827 301 3891 ad
313 3826 429 3891 flumen
441 3827 621 3915 Bagradam
633 3827 783 3912 pervenit.
810 3826 854 3891 ibi
864 3824 901 3891 C.
913 3825 1082 3893 Caninium

90 3896 208 4059 hilm
219 3921 360 4008 legatum
368 3943 440 3988 cum
452 3921 627 4009 legionibus
635 3921 772 4005 reliquit3
787 3920 854 4007 ipse
863 3919 1083 4004 cumcquitatu

156 4017 183 4063 'tr
196 4020 284 4066 canat.
881 4020 914 4073 15
