2692 5206
429 799 546 857 count.
564 802 630 859 VII.
647 803 768 858 37-40.
1046 792 1106 858 131

83 924 284 1011 Eporedorix
302 935 334 988 et
351 923 577 1002 Viridomarus,
596 926 766 990 insimulati
784 927 967 1012 proditionis
985 927 1025 993 ab
1043 928 1108 994 Ro·

82 1019 187 1085 manis
205 1018 323 1082 indicta
340 1039 436 1083 causa
452 1019 604 1083 interfecti
624 1029 705 1085 sunt
741 1020 819 1085 haee
836 1021 876 1086 ab
897 1022 974 1108 ipsis
993 1045 1108 1108 cogno-

83 1114 172 1189 scite,
191 1111 247 1195 qui
265 1133 304 1176 ex
320 1112 391 1197 ipsa
403 1113 498 1176 caede
512 1112 673 1199 fugerunt:
693 1137 766 1178 uam
780 1136 839 1200 ego
853 1116 1001 1181 fratribus
1014 1128 1108 1200 atquo

83 1206 233 1272 omnibus
246 1207 324 1271 meis
337 1207 518 1292 propinquis
533 1208 702 1273 intersectis
716 1209 822 1273 dolore
834 1210 1009 1296 prohibeor,
1027 1233 1107 1296 quae

83 1314 178 1389 gesta
195 1310 281 1378 sunt,
307 1302 526 1386 pronuntiare?
570 1303 782 1386 producuntur
803 1304 840 1381 ii,
868 1305 1016 1387 quasilla
1034 1306 1108 1370 edo·

83 1406 208 1474 cuerat,
235 1418 316 1480 quae
342 1397 404 1461 diei
430 1397 536 1473 vellet,
568 1410 660 1481 atque
688 1400 811 1477 eadem,
838 1421 919 1483 quae
944 1401 1109 1466 Litavicus
1142 1393 1145 1399 ’

83 1491 353 1578 pronuntiaverat,
389 1491 577 1556 multitudini
600 1503 772 1577 exponunt:
812 1494 932 1578 equites
959 1494 1110 1559 Haeduo-

84 1609 156 1650 rum
172 1584 368 1662 interfeetos,
392 1587 476 1668 quod
497 1586 639 1650 collocuti
662 1609 735 1651 cum
751 1586 903 1652 Arvernis
921 1588 1108 1665 dicerentur3
1201 1641 1203 1647 ,

83 1681 173 1766 ipsos
197 1700 231 1743 se
254 1679 334 1745 inter
356 1680 583 1744 multitudinem
605 1680 738 1745 militum
760 1681 933 1746 occultasse
956 1692 1048 1765 atque
1071 1705 1110 1745 ex

85 1774 192 1838 media
209 1773 305 1838 caede
321 1774 508 1860 profugisse.
537 1775 731 1839 conclamant
744 1774 872 1840 Haedui
885 1787 916 1840 et
929 1776 1110 1840 Litavicum

86 1868 264 1945 obsecrant,
284 1878 320 1931 nt
337 1867 397 1932 sibi
415 1868 566 1933 consulat.
595 1870 699 1952 ‘quasi
712 1869 806 1946 vero,’
824 1870 924 1954 inquit
940 1870 1002 1947 ille,
1023 1876 1110 1935 ‘con-

86 1962 150 2027 silii
168 1963 209 2026 sit
225 1983 291 2039 res,
314 1984 350 2026 ae
367 1985 430 2026 non
446 1985 576 2027 neccsse
599 1964 638 2028 sit
660 1963 750 2028 nobis
770 1962 961 2050 Gergoviam
984 1973 1110 2028 conten-

84 2056 162 2120 dere
179 2064 211 2120 et
228 2078 300 2120 eum
317 2054 468 2121 Arvernis
486 2067 609 2121 nosmet
627 2058 824 2143 coniungere.
860 2081 901 2122 an
918 2057 1108 2134 dubitamus,

85 2151 164 2235 quin
185 2149 305 2214 nefario
328 2150 464 2216 facinore
486 2152 624 2215 admisso
641 2151 776 2216 Romani
799 2153 861 2216 iam
879 2153 919 2216 ad
940 2175 998 2216 nos
1015 2152 1110 2216 inter-

84 2243 237 2308 ficiendos
256 2245 457 2308 concurrant?
478 2245 621 2329 proinde,
641 2246 667 2310 si
686 2246 760 2328 quid
778 2247 809 2309 in
827 2245 918 2310 nobis
936 2244 1032 2309 animi
1050 2255 1108 2320 est,

84 2360 312 2424 persequamur
329 2361 436 2404 eorum
454 2351 599 2416 mortem,
623 2341 676 2423 qui
694 2341 910 2426 indignissime
928 2339 1110 2404 interierunt

85 2444 182 2516 atque
199 2431 257 2498 hos
275 2432 413 2497 latrones
426 2433 667 2498 interficiamus?
693 2435 827 2499 ostendit
841 2435 925 2498 cives
938 2433 1109 2509 Romanos,

85 2529 142 2612 qui
162 2527 231 2593 eius
254 2528 400 2613 praesidii
422 2528 535 2592 fiducia
556 2551 619 2592 una
641 2540 742 2593 erant:
769 2551 920 2614 magnum
944 2551 1109 2593 numerum

84 2622 236 2687 immenti
254 2633 508 2705 commeatusque
527 2623 644 2708 diripit,
663 2624 750 2707 ipsos
769 2623 934 2686 crudeliter
951 2623 1109 2686 excrucia-

84 2728 136 2781 tos
161 2715 321 2780 interficit:
349 2717 474 2781 nuntios
500 2726 566 2780 tota
592 2717 715 2780 civitate
742 2715 947 2780 Haeduorum
974 2716 1109 2790 dimittit,

84 2809 198 2875 eodem
211 2810 375 2874 mendacio
389 2810 428 2874 do
442 2810 536 2875 caede
550 2811 689 2893 equitum
703 2820 734 2874 et
746 2810 921 2895 principum
935 2819 1110 2894 permovet3

84 2904 237 2980 hortatur,
256 2914 291 2967 ut
310 2904 402 2968 simili
419 2905 547 2981 ratione,
568 2914 660 2987 atque
673 2905 741 2989 ipse
759 2904 877 2980 fecerit,
897 2927 970 2968 suas
983 2903 1110 2966 iniurias

84 3007 323 3084 persequantur.
371 2997 566 3082 Eporedorix
588 2998 757 3075 Haeduus,
784 3019 907 3063 summo
929 2996 999 3061 loco
1019 3007 1161 3064 natasse

84 3091 272 3156 adulescens
290 3101 322 3154 et
344 3114 484 3156 summae
507 3093 592 3156 domi
608 3093 779 3177 potentiae,
803 3102 833 3156 et
855 3114 918 3155 una
935 3089 1112 3155 Viridoma-

83 3207 149 3262 ms,
167 3185 236 3269 pari
255 3195 355 3249 aetate
369 3195 400 3249 et
412 3185 522 3271 gratia,
543 3187 599 3251 sed
611 3208 724 3272 genere
739 3186 865 3269 dispari,
884 3206 977 3269 quem
993 3183 1113 3249 Caesar

83 3279 126 3344 ab
146 3277 309 3343 Divitiaeo
336 3278 396 3344 sibi
422 3281 569 3344 traditum
595 3303 633 3344 cx
659 3281 768 3344 humili
795 3280 864 3344 loco
894 3279 935 3343 ad
957 3302 1112 3343 summam

83 3374 272 3459 dignitatem
298 3375 498 3458 perduxerat,
524 3376 557 3438 in
584 3376 722 3458 equitum
748 3396 878 3438 numero
904 3383 1113 3438 convenerant

85 3467 272 3532 nominatim
289 3467 330 3532 ab
348 3490 386 3532 eo
404 3469 532 3533 evocati.
576 3469 625 3532 his
644 3481 709 3533 erat
726 3469 807 3532 intcr
824 3490 858 3532 se
876 3468 915 3531 de
936 3467 1112 3552 principatu

85 3562 260 3638 contentio,
287 3563 368 3626 etin
388 3563 442 3626 illa
463 3563 702 3648 magistratuum
724 3563 935 3628 controversia
957 3561 1034 3625 alter
1054 3583 1111 3644 pro

86 3655 342 3734 Conuictolitaui,
361 3656 439 3721 alter
451 3680 506 3742 pro
521 3657 602 3722 Coto
617 3658 746 3722 summis
761 3657 873 3742 opibus
886 3664 1110 3741 pugnaverant.

84 3775 125 3816 ex
150 3751 202 3815 his
223 3750 421 3835 Eporedorix
447 3753 572 3838 cognito
598 3753 735 3816 Litavici
761 3751 890 3817 consilio
917 3749 1020 3814 media
1046 3747 1111 3811 fere

86 3858 177 3910 nocte
195 3868 263 3909 rem
281 3845 322 3909 ad
337 3843 506 3910 Caesarem
524 3846 638 3923 defert3
656 3857 732 3922 orat,
750 3868 789 3909 nc
803 3845 938 3930 patiatur
955 3843 1111 3907 civitatem

86 3939 192 4024 pravis
210 3938 458 4003 adulescentium
476 3940 612 4004 consiliis
636 3939 675 4003 ab
694 3939 830 4003 amicitia
851 3937 959 4023 populi
977 3935 1112 4000 Romani

87 4033 236 4111 deficere;
255 4034 340 4115 quod
357 4033 497 4097 futurum
514 4035 685 4119 provideat,
705 4035 732 4098 si
746 4057 780 4098 se
793 4043 839 4096 tot
851 4032 1013 4096 hominum
1027 4029 1113 4093 milia

87 4150 159 4193 cnm
181 4127 327 4193 hostibus
349 4130 578 4207 coniunxerint,
606 4152 737 4213 quorum
761 4128 896 4192 salutem
917 4148 1019 4209 neque
1040 4148 1112 4210 pro-

87 4223 198 4308 pinqui
218 4222 399 4308 neglegere,
427 4246 528 4307 neque
551 4225 660 4288 ciuitas
683 4223 745 4287 levi
767 4230 925 4286 momento
948 4220 1111 4284 aestimare

88 4326 204 4402 posset.
250 4340 366 4402 magua
387 4316 517 4383 affectus
542 4318 747 4383 sollicitudine
770 4316 831 4380 hoo
853 4315 961 4378 nuntio
980 4312 1108 4389 Caesar,
1128 4333 1160 4378 to

89 4411 173 4494 quod
199 4433 324 4497 semper
350 4411 555 4476 Haeduorum
587 4412 704 4477 civitati
733 4410 899 4496 praecipue
929 4407 1109 4482 indulserat,

88 4505 175 4570 nulla
195 4506 379 4592 interposita
400 4507 592 4572 dubitatione
614 4507 753 4592 legiones
781 4503 942 4589 expeditas
964 4512 1110 4585 quattuor

89 4598 324 4685 equitatumque
343 4623 468 4667 omnem
486 4623 526 4666 ex
549 4601 658 4666 castris
681 4599 798 4676 educit,
821 4619 879 4662 nee
896 4596 957 4660 fuit
975 4597 1109 4680 spatium

905 4696 939 4748 9·
