2692 5206
473 785 590 843 COMM.
607 787 672 844 VII.
691 788 813 844 86-90.
1089 775 1151 841 153

124 910 354 979 munitionibus
384 911 544 976 reducunt.
592 910 627 976 fit
657 913 797 998 protinus
827 913 887 978 hae
916 934 950 977 re
981 911 1087 978 audita
1112 935 1152 977 ex

125 1007 240 1072 matris
268 1003 433 1072 Gallorum
457 1006 543 1091 fuga.
592 1009 676 1090 quod
707 1008 767 1072 nisi
793 1005 909 1071 crebris
939 1005 1088 1072 subsidiis
1115 1029 1151 1070 ae

125 1101 224 1165 totius
246 1100 309 1164 diei
329 1098 436 1165 labore
458 1099 570 1164 milites
597 1113 702 1165 essent
727 1100 857 1178 defessi,
885 1122 992 1164 omnes
1014 1099 1151 1165 hostium

125 1195 238 1280 copiae
263 1193 358 1258 deleri
380 1195 564 1279 potuissent.
613 1195 652 1258 de
679 1194 782 1259 media
807 1204 897 1258 noete
923 1193 1039 1259 missus
1065 1195 1152 1278 equi-

125 1300 212 1352 tatus
234 1286 440 1352 novissimum
465 1310 579 1373 agmen
605 1289 816 1372 consequitur:
844 1310 977 1374 magnus
1003 1310 1150 1353 numems

126 1382 251 1467 capitur
266 1391 360 1465 atque
376 1381 571 1458 interficitur,
598 1381 709 1466 reliqui
727 1405 766 1447 ex
784 1383 861 1468 fuga
878 1382 911 1445 in
928 1381 1069 1447 civitates
1087 1383 1152 1447 dis-

125 1476 253 1542 cedunt.
296 1486 421 1562 postero
443 1477 493 1540 die
511 1475 751 1562 Vercingetorix
773 1477 904 1541 concilio
927 1485 1097 1542 convocato
1118 1477 1150 1540 id
1168 1497 1200 1544 su

125 1593 162 1636 se
178 1570 298 1635 bellum
316 1570 492 1655 suscepisse
510 1592 572 1634 non
591 1593 717 1635 suarum
735 1571 970 1647 necessitatum,
994 1570 1050 1635 sed
1067 1592 1153 1635 com·
1250 1641 1252 1647 ,

123 1665 232 1729 munis
258 1663 409 1729 libertatis
436 1686 531 1728 eausa
557 1665 761 1743 demonstrat,
789 1675 820 1729 et
846 1664 993 1747 quoniam
1023 1664 1063 1728 sit
1089 1663 1152 1728 for-

124 1770 222 1823 tunae
248 1758 435 1836 cedendum,
462 1759 503 1822 ad
524 1767 687 1842 utramque
713 1782 778 1823 rem
802 1781 835 1824 se
858 1758 919 1822 illis
942 1758 1067 1837 offerre,
1095 1781 1152 1823 seu

125 1864 228 1917 morte
246 1874 305 1916 sua
321 1850 472 1917 Romanis
496 1852 675 1916 satisfacere
698 1875 754 1916 seu
776 1853 883 1916 vivum
906 1852 1026 1916 tradere
1043 1852 1149 1917 velint.

124 1948 292 2013 mittuntur
313 1946 352 2011 de
373 1946 422 2011 his
444 1945 538 2011 rebus
561 1946 601 2010 ad
621 1946 789 2012 Caesarem
812 1946 916 2032 legati.
960 1946 1047 2012 iubet
1064 1969 1152 2010 anna

124 2041 221 2117 badi,
247 2039 404 2126 principes
426 2040 565 2126 produci.
609 2041 676 2126 ipse
703 2042 736 2105 in
761 2041 930 2105 munitione
956 2063 1013 2126 pro
1040 2041 1150 2105 eastris

124 2135 283 2201 consedit:
310 2156 348 2199 eo
369 2135 465 2200 duces
491 2135 713 2221 producuntur.
758 2135 996 2222 Vercingetorix
1017 2135 1149 2211 deditur,

124 2253 215 2295 arma
232 2228 432 2315 proiciuntur.
475 2232 640 2295 reservatis
659 2231 801 2296 Haeduis
824 2240 917 2314 atque
934 2230 1100 2308 Arvernis,
1124 2231 1151 2295 si

124 2345 184 2411 per
204 2345 260 2388 eos
283 2323 424 2387 civitates
450 2346 633 2408 recuperare
659 2335 780 2409 posset,
808 2347 848 2388 ex
868 2324 996 2407 reliquis
1019 2324 1150 2409 captivis

123 2429 193 2484 toto
211 2417 361 2482 exercitui
378 2417 481 2502 capita
498 2418 621 2504 singula
639 2419 771 2503 praedae
789 2419 914 2483 nomine
932 2417 1098 2482 distribuit.

189 2510 255 2576 His
272 2510 367 2575 rebus
390 2510 540 2576 confectis
565 2512 599 2576 in
627 2511 779 2575 Haeduos
802 2512 1021 2596 proficiscitur3
1044 2511 1151 2576 civita·
1169 2528 1201 2576 90

125 2617 191 2671 tem
208 2606 329 2691 recipit.
373 2628 411 2670 eo
428 2605 523 2691 legati
540 2605 580 2670 ab
597 2604 749 2670 Arvernis
768 2606 870 2682 missi,
889 2628 969 2689 quae
987 2607 1152 2689 imperaret

125 2724 164 2767 se
179 2700 320 2766 facturos
337 2700 531 2785 pollicentur.
567 2700 699 2785 imperat
716 2722 867 2784 magnum
885 2721 1049 2763 numerum
1066 2698 1152 2763 obsi-

124 2795 213 2859 dum.
230 2794 372 2880 legiones
386 2795 418 2857 in
430 2793 560 2858 hiberna
573 2794 676 2858 mittit.
700 2794 893 2878 captivorum
907 2793 1028 2857 circiter
1041 2792 1152 2877 viginti

125 2889 215 2953 milia
227 2887 373 2953 Haeduis
386 2886 601 2970 Arvernisque
619 2888 729 2951 reddit.
763 2886 871 2950 Titum
884 2885 1062 2950 Labienum
1075 2885 1152 2948 dua-

126 2982 189 3047 bus
215 3004 289 3046 cum
313 2981 490 3067 legionibus
517 2991 548 3044 et
579 2981 716 3064 equitatu
743 2981 776 3044 in
803 2978 967 3063 Sequanos
997 2977 1152 3064 proficisci

128 3074 229 3141 iubet:
245 3075 320 3139 huic
328 3074 474 3139 Marcum
485 3073 705 3160 Sempronium
713 3073 855 3138 Rutilum
865 3073 1016 3138 attribuit:
1036 3071 1152 3138 Gaium

128 3168 265 3234 Fabium
283 3181 314 3233 et
326 3169 463 3232 Lucium
477 3167 652 3232 Minucium
666 3168 807 3232 Basilum
826 3190 898 3232 cum
915 3166 1037 3231 duabus
1055 3166 1153 3252 legio-

130 3261 222 3328 nibus
239 3262 274 3327 in
290 3262 400 3327 Remis
418 3261 561 3338 collocat,
588 3285 627 3326 ne
645 3285 739 3346 quam
758 3261 798 3327 ab
820 3260 958 3325 finitimis
976 3259 1152 3325 Bellovacis

131 3355 340 3421 calamitatem
352 3356 514 3442 accipiant.
542 3354 657 3421 Gaium
671 3355 844 3421 Antistium
857 3354 1014 3440 Reginum
1027 3354 1060 3417 in
1073 3352 1153 3418 Arn-

132 3447 293 3527 bilaretos,
316 3448 424 3514 Titum
443 3448 587 3515 Sextium
605 3450 637 3512 in
654 3450 828 3535 Bituriges,
849 3446 965 3513 Gaium
984 3447 1153 3513 Caninium

132 3541 279 3609 Rebilum
295 3543 327 3607 in
342 3542 483 3608 Rutenos
501 3566 573 3606 cum
588 3543 718 3628 singulis
733 3542 908 3628 legionibus
922 3542 1024 3606 mittit.
1053 3540 1153 3622 Quin-

135 3648 196 3703 tum
214 3637 358 3702 'l'ullium
376 3635 559 3701 Ciceronem
583 3647 614 3700 et
629 3636 778 3701 Publium
802 3635 977 3721 Sulpicium
996 3633 1150 3698 Cabilloni

136 3742 161 3797 et
172 3731 353 3797 Matiscone
370 3731 403 3794 in
415 3730 559 3796 Haeduis
577 3731 618 3795 ad
631 3730 756 3795 Ararim
768 3730 813 3795 rei
826 3729 1045 3794 frumentariae
1059 3750 1154 3791 eausa

136 3825 272 3892 collocat.
315 3824 384 3910 ipse
401 3823 548 3889 Bibracte
565 3824 702 3889 hiemare
721 3824 889 3889 constituit.
929 3823 978 3888 his
996 3819 1152 3885 *litteris*

138 3920 264 4007 cognitis
282 3916 404 3985 Romam
422 3918 543 3983 dierum
560 3918 671 4004 viginti
689 3917 874 4004 supplicatio
892 3916 1038 3981 redditur.
