2692 5206
476 814 594 873 Contu.
612 816 636 870 1.
656 816 741 870 2—5.
1101 805 1122 867 3

119 941 341 1011 noeoeane,
365 946 520 1001 sementes
543 939 807 1020 quammaximae
830 938 946 1016 facere,
969 950 1005 1002 ut
1021 939 1054 1003 in
1071 938 1121 1003 iti-

128 1044 182 1089 nere
198 1032 281 1115 eopia
297 1031 446 1095 liumenti
464 1043 656 1116 suppeteret,
680 1054 752 1095 cum
774 1034 923 1117 proximis
942 1032 1119 1098 civitatibus

132 1136 261 1203 premet
277 1126 445 1190 amicitiam
468 1126 660 1191 confirmare.
701 1128 816 1192 adeas
838 1151 888 1191 res
911 1128 1119 1192 conficiendas

136 1211 261 1283 biennium
278 1219 337 1284 sibi
356 1220 431 1283 satis
451 1243 521 1285 esse
538 1221 707 1285 duxerunt:
727 1223 759 1284 in
774 1222 898 1286 tertium
916 1245 1030 1286 annum
1049 1245 1121 1307 pro·

139 1306 268 1377 lectionem
284 1314 355 1399 lege
373 1315 566 1378 confirmant.
597 1317 638 1378 ad
656 1338 709 1380 cas
727 1339 777 1379 res
796 1316 1002 1380 conficiendas
1018 1314 1121 1402 Orge-

140 1402 198 1468 torix
216 1408 358 1494 deligitur.
404 1409 431 1474 is
454 1410 514 1473 sibi
536 1409 724 1494 legationem
747 1412 787 1473 ad
809 1409 950 1474 civitates
973 1411 1119 1495 suscepit.

139 1494 161 1558 in
181 1520 210 1564 eo
233 1503 335 1567 itincre
364 1504 533 1587 persuadet
560 1504 701 1581 Castico,
730 1504 1015 1570 Catamantaloedis
1045 1506 1119 1580 filio,

141 1586 266 1674 Squere,
288 1598 377 1661 cuius
396 1608 484 1682 pater
501 1621 633 1684 regnum
655 1599 688 1661 in
707 1598 862 1681 Sequanis
886 1598 1000 1663 multos
1023 1623 1120 1670 annos

140 1680 277 1755 obtinuerat
297 1701 328 1755 et
351 1702 502 1755 asenam
525 1693 631 1777 populi
649 1692 783 1757 Romani
806 1694 925 1757 amicus
948 1693 1121 1778 appellatus

94 1820 98 1829 ›
140 1790 193 1856 erut,
204 1797 230 1847 ut
243 1808 374 1870 regnum
388 1785 421 1849 in
435 1786 560 1850 civitate
578 1811 636 1851 sua
654 1799 828 1872 occuparet,
843 1788 927 1870 quod
945 1798 1033 1872 pater
1050 1798 1122 1850 ante

139 1868 266 1957 habuernt3
284 1882 421 1962 itemque
434 1879 625 1967 Dumnorigi
638 1881 783 1957 Haeduo,
797 1881 885 1945 fratri
894 1880 1053 1957 Divitiaci,
1068 1882 1123 1964 qni

139 1986 165 2029 ω
181 1980 299 2059 tenpore
320 1975 527 2060 principatum
551 1976 584 2039 in
602 1976 727 2041 civitate
745 1975 905 2041 obtinebat
927 1997 964 2040 ae
986 1975 1121 2039 maxime

139 2058 199 2141 plebi
216 2079 354 2153 acceptus
378 2080 457 2146 erat,
479 2081 514 2133 ut
537 2071 620 2134 idem
643 2082 819 2147 conaretur,
842 2070 1010 2155 persuadet
1031 2069 1122 2152 eique

139 2154 208 2222 filiun
227 2185 313 2226 suam
338 2164 371 2226 in
397 2164 628 2228 matrimonium
658 2166 720 2229 dat.
763 2164 913 2250 perdocile
938 2163 1025 2227 factu
1050 2186 1120 2228 csse

140 2244 299 2353 llitprobat
326 2268 438 2321 conata
462 2258 624 2342 perficere,
651 2270 815 2343 propterea
840 2259 924 2342 quod
951 2259 1018 2343 ipsc
1045 2280 1121 2323 suae

141 2344 237 2411 mitaris
266 2351 432 2435 imperium
458 2350 640 2416 obtenturus
668 2364 765 2416 esset:
796 2375 858 2416 non
885 2375 955 2415 esse
981 2350 1120 2425 dubium,

140 2435 194 2513 quin
213 2443 298 2506 totius
322 2442 445 2509 Galliae
471 2444 639 2528 plurimmn
661 2445 801 2511 Helvetii
826 2455 968 2530 possent3
996 2468 1029 2509 se
1056 2445 1121 2508 suis

142 2530 210 2612 copiis
231 2559 347 2620 suoque
374 2539 511 2601 exercitu
537 2539 597 2602 illis
628 2562 724 2624 regna
751 2540 985 2604 conciliaturum
1012 2539 1122 2603 contir-

142 2635 193 2687 nnt.
219 2629 270 2695 hae
288 2632 426 2696 oratione
444 2633 568 2696 adducti
592 2635 671 2697 inter
690 2656 723 2697 se
742 2634 836 2696 tidem
854 2645 885 2697 et
906 2632 1121 2697 iusiurandum

143 2711 194 2818 lant
207 2735 234 2786 et·
248 2748 344 2810 regno
362 2738 513 2810 occupato
536 2749 591 2811 per
613 2737 675 2789 tres
698 2726 930 2811 potentissimos
953 2748 989 2789 ac
1011 2726 1123 2788 firmis-

144 2824 211 2897 ἔξωθε
230 2819 358 2904 populos
387 2820 480 2884 totius
505 2818 627 2884 Galliae
652 2842 722 2884 sese
748 2820 840 2905 potiri
866 2826 960 2903 posse
987 2830 1121 2903 sperant.

145 2918 170 2962 O
187 2928 223 2971 res
249 2924 294 2977 est
312 2913 475 2977 Helvetiis
507 2936 562 2998 per
592 2914 741 2978 indicium
772 2914 938 2977 enuntiata.
983 2911 1121 2975 moribus
1141 2926 1156 2971 t

145 2995 190 3060 ⁸⁰18
207 3001 414 3094 Orgetorigem
441 3030 480 3073 ex
502 3010 634 3101 vinculis
662 3031 789 3073 causam
811 3008 914 3071 dicere
941 3012 1122 3092 coegerunt3

145 3082 283 3191 bunum
309 3126 443 3189 poenam
467 3104 556 3186 sequi
583 3103 758 3187 oportebat,
782 3113 816 3166 ut
838 3103 903 3187 igni
926 3113 1122 3166 cremaretur.

145 3177 180 3245 ‘¹¹⁰
191 3196 337 3261 constituta
354 3220 467 3261 causae
486 3198 630 3261 dictionis
647 3196 816 3282 Orgetorix
833 3198 874 3261 ad
891 3196 1039 3260 iudicium
1057 3218 1124 3259 om-

144 3292 281 3353 llflltuam
302 3291 468 3369 familiam,
491 3291 532 3355 ad
553 3290 715 3354 hominnm
737 3291 823 3355 milia
840 3291 962 3367 decem,
985 3290 1122 3372 undique

144 3372 216 3457 Olgll
239 3396 267 3447 ct
300 3407 409 3449 ornnes
444 3385 573 3449 clientes
609 3385 834 3468 obaeratosque
870 3406 959 3462 suos,
990 3406 1123 3467 quorum

143 3478 254 3551 magnum
277 3501 442 3542 numerum
468 3478 618 3555 habebat,
646 3479 756 3543 codem
783 3479 945 3543 conduxit:
976 3500 1032 3562 per
1058 3501 1122 3554 cos,

141 3574 171 3659 {1⁰
183 3583 287 3636 trusam
308 3574 439 3651 diceret,
463 3596 497 3637 se
520 3573 641 3658 eripuit.
686 3597 757 3637 cum
780 3574 889 3638 civitas
909 3573 948 3637 ob
968 3597 1035 3637 eam
1058 3596 1124 3637 rem

141 3653 234 3729 lutitata
251 3668 345 3732 armis
368 3667 418 3732 ius
441 3691 533 3732 suum
551 3669 679 3750 exsequi
699 3679 862 3732 conaretur
879 3667 1124 3731 multitudinem-

141 3760 186 3822 (llt
199 3752 348 3825 bominum
371 3784 410 3824 ex
432 3760 516 3847 agris
538 3761 740 3845 magistratus
768 3773 928 3846 cogerent,
953 3759 1124 3845 Orgetorix

140 3856 246 3919 m⁰fldus
262 3866 324 3933 cst;
351 3878 453 3939 neque
476 3854 566 3919 abest
588 3855 741 3939 suspicio,
764 3868 800 3919 ut
815 3856 957 3920 Helvetii
974 3855 1125 3918 arbitran-

141 3938 183 4013 ru,
195 3948 258 4027 quin
272 3950 343 4034 ipse
361 3950 422 4014 sibi
439 3960 571 4013 mortem
589 3949 784 4013 consciverit.

162 4030 243 4135 'Post
258 4043 326 4107 cius
345 4054 477 4108 mortem
495 4043 591 4107 nihilo
609 4043 712 4107 minus
731 4043 871 4107 Helvetii
889 4043 930 4119 id,
950 4042 1034 4126 (quod
1052 4064 1125 4106 con·
1143 4061 1158 4106 a

138 4130 281 4226 fluerunt,
305 4138 409 4202 facere
428 4148 588 4213 conantur,
608 4147 642 4201 nt
661 4160 677 4201 e
696 4138 810 4202 linibus
830 4139 895 4201 suis
915 4150 1035 4201 exeant.
1072 4137 1126 4201 ubi

136 4236 181 4287 ¹³1ss
197 4250 225 4295 te
245 4232 284 4296 ad
307 4254 376 4297 cam
398 4254 464 4297 rem
486 4244 611 4317 paratos
639 4255 709 4297 esse
732 4232 870 4297 arbitrati
899 4244 983 4310 sunt,
1012 4233 1126 4317 oppida

135 4334 177 4382 θῦε
192 4328 301 4405 omnia,
325 4351 455 4392 numero
478 4329 518 4391 ad
540 4329 719 4406 duodecim,
747 4329 834 4392 ricos
857 4330 897 4392 ad
919 4330 1126 4413 quadringen-

132 4416 175 4489 los,
188 4419 299 4505 reliqua
316 4422 439 4507 privata
456 4421 597 4485 aedificia
613 4423 792 4499 incendunt,
815 4421 1005 4485 frumentum
1023 4444 1124 4496 omne,

127 4520 317 4599 praeterquam
352 4516 437 4599 quod
472 4538 578 4580 secum
612 4517 762 4600 portaturi
797 4527 897 4591 erant,
930 4514 1123 4590 comburunt,

126 4610 152 4667 ut
175 4606 294 4675 domum
325 4610 486 4676 reditionis
518 4632 574 4695 spe
601 4611 723 4675 sublata
755 4611 923 4696 paratiores
951 4608 990 4672 ad
1021 4608 1126 4672 onmia

917 4708 955 4760 qn
