2692 5206
456 817 572 876 ΟΟΜΜ.
590 818 657 874 llll.
674 819 776 875 8-13.
1081 805 1124 872 59

99 948 155 1035 qui
172 947 206 1012 in
218 946 329 1011 itinere
342 942 503 1029 congressi
516 965 715 1030 magnopere,
733 965 773 1008 ne
785 942 909 1028 longius
922 943 1124 1030 progredere-

99 1055 160 1120 tur,
179 1038 319 1106 orabant
365 1059 437 1102 cum
454 1036 487 1101 id
504 1060 567 1102 non
584 1037 818 1123 impetrassent,
835 1036 997 1122 petebant,
1019 1038 1065 1103 uti
1083 1038 1123 1102 ad

98 1158 154 1203 eos
172 1134 310 1220 equites,
336 1132 391 1216 qui
408 1154 522 1218 agmen
539 1134 795 1210 antecessissent,
822 1133 1033 1217 praemitteret
1054 1155 1124 1199 eos-

100 1252 163 1315 que
184 1251 294 1316 pugna
314 1226 507 1313 prohiberet,
536 1225 657 1310 sibique
680 1227 726 1291 uti
747 1237 932 1312 potestatem
953 1227 1071 1293 faceret
1091 1229 1124 1292 in

100 1323 205 1390 Ubios
227 1322 348 1409 legatos
369 1320 526 1397 mittendi;
553 1342 685 1405 quorum
707 1321 735 1385 si
757 1321 912 1406 principes
937 1342 975 1386 ac
997 1330 1124 1386 senatus

100 1416 163 1484 sibi
178 1415 378 1482 iureiurando
395 1414 489 1479 fidem
502 1414 639 1491 fecisset,
658 1437 696 1480 ea
709 1414 899 1493 condicione,
917 1436 997 1499 quae
1010 1438 1030 1480 a
1043 1414 1125 1481 Cae-

101 1533 172 1578 sare
186 1510 330 1586 ferretur,
350 1531 384 1574 so
401 1530 513 1574 usuros
530 1508 749 1575 ostendebant:
768 1509 809 1574 ad
826 1508 883 1573 has
897 1531 947 1573 res
961 1508 1125 1574 conficien-

99 1607 159 1672 das
176 1604 238 1671 sibi
255 1604 350 1669 tridui
368 1603 504 1690 spatium
522 1604 618 1669 daret.
659 1604 737 1670 haec
755 1604 860 1669 omnia
877 1602 997 1670 Caesar
1014 1604 1124 1669 eodem
1171 1651 1174 1657 -

98 1700 154 1766 illo
170 1700 327 1787 pertinere
343 1697 559 1776 arbitrabatur,
578 1709 613 1762 ut
630 1698 723 1762 tridui
740 1721 828 1764 mora
840 1698 1022 1784 interposita
1039 1698 1126 1782 equi-

99 1807 149 1860 tes
171 1815 293 1870 eorum,
320 1792 375 1876 qui
391 1791 552 1871 abessent,
579 1802 819 1871 reverterentur3
846 1804 951 1858 tamen
973 1813 1042 1857 sese
1060 1814 1123 1856 non

99 1888 226 1975 longius
247 1886 374 1952 milibus
396 1909 548 1972 passuum
569 1897 715 1970 quattuor
736 1887 911 1970 aquationis
933 1908 1029 1952 eausa
1054 1908 1126 1971 pro-

98 2004 265 2049 cessurum
282 2002 320 2046 eo
337 1980 388 2045 die
405 1981 497 2045 diuite
523 1981 586 2047 huo
607 1991 733 2067 postero
754 1981 806 2046 die
822 2003 916 2067 quam
938 1981 1126 2065 frequentis·

99 2076 173 2141 simi
203 2075 418 2152 convenirent,
449 2086 484 2139 ut
510 2076 550 2140 de
580 2096 688 2140 eorum
717 2074 882 2161 postulatis
912 2085 1123 2162 cognosceret.

98 2169 226 2235 interim
242 2168 285 2233 ad
301 2168 491 2254 praefectos,
518 2169 572 2253 qui
595 2191 666 2234 eum
684 2169 770 2234 omni
787 2170 927 2253 equitatu
948 2180 1125 2235 antecesse-

97 2273 183 2340 rant,
210 2262 305 2327 mittit
321 2262 377 2347 qui
393 2262 583 2341 nuntiarent,
610 2285 650 2327 ne
672 2262 779 2328 hostes
797 2263 915 2350 proelio
936 2261 1125 2329 lacesserent

98 2368 140 2435 et,
159 2356 188 2422 si
204 2356 267 2443 ipsi
279 2356 514 2434 lacesserentur,
534 2357 730 2434 sustinerent,
748 2357 853 2441 quoad
869 2357 937 2443 ipse
951 2379 1024 2422 cum
1037 2378 1125 2422 exer-

78 2451 166 2533 xeitu
184 2450 316 2537 propius
337 2451 532 2516 accessisset.
576 2461 609 2515 at
633 2449 741 2516 hostes
763 2451 818 2516 ubi
843 2452 978 2537 primum
1000 2462 1124 2516 nostros
1144 2469 1175 2516 12

99 2544 223 2630 equites
240 2554 479 2631 conspexerint,
498 2566 631 2628 quorum
648 2555 715 2609 erat
732 2545 870 2629 quinque
883 2545 1003 2610 milium
1017 2566 1126 2610 nurne-

98 2661 169 2716 ms,
196 2660 271 2703 eum
292 2638 355 2723 ipsi
377 2660 440 2703 non
457 2638 591 2724 amplius
610 2639 805 2725 octingentos
829 2639 948 2722 equites
965 2636 1124 2715 haberent,

98 2732 186 2817 quod
201 2732 240 2810 ii,
258 2733 313 2815 qui
330 2731 541 2797 frumentandi
558 2755 653 2797 eausa
671 2734 769 2797 ierant
787 2742 872 2798 trans
890 2731 1030 2807 Mosam,
1048 2754 1125 2796 non-

98 2827 177 2892 dum
197 2825 367 2903 redierant,
393 2825 470 2890 nihil
492 2825 673 2890 timentibus
695 2825 824 2902 nostris,
851 2825 935 2909 quod
956 2824 1051 2910 legati
1074 2846 1126 2888 eo-

98 2943 171 2986 rum
191 2919 288 3006 paulo
306 2930 378 2985 ante
398 2943 417 2984 a
435 2918 571 2985 Caesare
594 2920 803 2984 discesserant
824 2929 918 3002 atque
940 2918 967 2983 is
989 2919 1056 2984 dies
1079 2918 1126 2981 in-

99 3013 198 3080 dutiis
220 3024 288 3078 erat
307 3013 348 3079 ab
370 3013 419 3078 his
441 3013 572 3098 petitus,
598 3013 717 3098 impetu
739 3012 822 3078 facto
845 3011 984 3077 celeriter
1001 3021 1125 3078 nostros

98 3104 374 3194 peruirbavernnt3
413 3129 521 3172 rursus
556 3106 772 3173 resistentibus
808 3106 1032 3172 consuetudine
1068 3128 1126 3171 sua

97 3200 141 3266 ad
157 3200 257 3287 pedes
274 3200 478 3278 desiluerunt,
498 3199 654 3267 subfossis
672 3202 761 3285 equis
779 3200 1052 3286 compluribusque
1069 3222 1126 3264 no-

98 3294 173 3361 stris
190 3294 321 3360 deiectis
336 3295 473 3379 reliquos
491 3295 525 3359 in
541 3295 652 3381 fugam
669 3295 868 3361 coniecerrmt
885 3307 978 3380 atque
995 3295 1039 3360 ita
1055 3317 1125 3382 per-

96 3387 225 3455 territos
242 3400 388 3476 egenant,
415 3401 450 3454 ut
467 3411 531 3453 non
547 3389 634 3475 prius
652 3390 729 3476 fuga
751 3390 951 3468 desisterent,
979 3412 1075 3474 quam
1092 3390 1124 3453 in

97 3491 306 3569 conspectum
326 3483 460 3570 agminis
482 3483 582 3549 nostri
602 3484 771 3549 venissent.
820 3485 853 3549 in
878 3506 916 3550 eo
941 3483 1059 3570 proelio
1085 3505 1125 3547 ex
1145 3505 1175 3551 rs

97 3576 260 3661 equitibus
276 3578 391 3643 nostris
408 3578 634 3643 interficiuntur
651 3590 797 3663 quattuor
814 3589 846 3643 et
864 3579 1075 3665 septuaginta,
1093 3578 1125 3641 in

96 3671 150 3737 his
171 3671 222 3737 vir
241 3671 446 3750 fortissimus,
473 3672 550 3739 Piso
571 3671 765 3757 Aquitanus‚
792 3673 986 3759 amplissimo
1011 3693 1126 3758 genere

96 3776 209 3843 naurs,
232 3766 323 3831 euius
341 3789 419 3832 avus
437 3767 471 3831 in
487 3767 614 3831 civitate
632 3790 690 3833 sua
706 3790 839 3854 regnum
857 3766 1032 3832 obtinuerat
1049 3765 1126 3830 ami-

98 3881 157 3925 cus
178 3858 222 3925 ab
249 3870 360 3925 senatu
386 3874 492 3926 nostro
518 3860 701 3946 appellatus.
746 3862 797 3926 hio
822 3883 894 3926 cum
920 3861 1008 3926 fratri
1033 3860 1126 3923 inter-

98 3953 189 4019 cluso
203 3952 245 4019 ab
258 3953 401 4020 hostibus
415 3954 566 4021 auxilium
579 3954 684 4033 ferret,
701 3955 789 4020 illurn
800 3978 839 4021 ex
848 3955 986 4042 periculo
999 3953 1124 4040 eripuit:

98 4047 169 4133 ipse
185 4068 269 4132 equo
285 4048 447 4115 vulnerato
465 4049 619 4128 deiectus,
637 4051 741 4134 quoad
758 4050 873 4135 potuit,
892 4049 1060 4115 fortissime
1077 4069 1126 4113 re-

100 4140 193 4207 stitit:
219 4162 294 4207 cum
311 4143 542 4209 circumventus
563 4143 670 4210 multis
693 4143 873 4209 vulneribus
891 4144 1027 4231 acceptis
1045 4143 1126 4209 ceei-

99 4234 214 4312 disset,
232 4246 328 4320 atque
344 4237 377 4301 id
394 4237 503 4315 frater,
521 4238 576 4322 qui
592 4238 655 4302 iam
672 4238 790 4325 proelio
808 4250 998 4317 excesserat,
1016 4239 1124 4327 procul

100 4328 386 4410 animadvertisset,
412 4332 540 4397 incitato
561 4354 643 4416 equo
671 4355 705 4397 se
730 4332 873 4398 hostibus
899 4333 1010 4399 obtulit
1032 4345 1125 4417 atque

100 4421 283 4490 interfectus
300 4438 359 4491 est.
402 4425 463 4491 hoc
484 4426 568 4491 facto
588 4426 707 4512 proelio
726 4426 845 4492 Caesar
865 4450 967 4511 neque
984 4429 1047 4494 iam
1065 4426 1125 4492 sibi

100 4515 223 4603 legatos
240 4518 412 4586 audiendos
434 4543 536 4605 neque
559 4520 758 4586 condiciones
781 4523 978 4608 accipiendas
996 4521 1125 4587 arbitra-

102 4608 194 4677 batur
210 4610 250 4679 ab
266 4614 315 4691 iis,
334 4617 388 4700 qui
405 4638 461 4702 per
473 4618 579 4683 dolum
592 4628 687 4701 atque
699 4618 828 4686 insidias
842 4620 939 4706 petita
952 4641 1030 4706 paee
1044 4618 1124 4682 ultro
