2692 5206
415 798 531 857 ΟΟΜΜ.
548 801 612 858 vn
629 800 715 857 t-s.
1008 788 1070 855 117

43 923 133 1009 quod
149 922 230 988 nihil
247 915 338 989 nobis
356 932 491 1001 constat,
517 945 580 989 non
597 924 720 989 videtur
736 946 793 1010 pro
810 933 894 990 certo
910 945 981 990 esse
997 946 1070 1011 pro-

44 1015 239 1105 ponendum.
266 1017 426 1105 Bituriges
441 1040 548 1083 eorum
562 1018 704 1085 discessu
716 1019 821 1084 statim
833 1041 905 1083 eum
918 1018 1069 1085 Arvernis

47 1112 233 1199 iunguntur.

108 1204 176 1269 His
198 1202 294 1269 rebus
315 1204 347 1268 in
365 1203 488 1269 ltaliam
507 1203 638 1271 Caesari
654 1204 820 1282 nuntiatis,
847 1227 918 1270 oum
938 1206 1002 1271 iam
1019 1205 1070 1272 ille
1090 1228 1105 1275 6

52 1298 188 1365 urbam
206 1320 258 1363 res
275 1299 389 1364 virtute
408 1298 467 1364 Cn.
486 1298 618 1385 Pompei
640 1300 880 1365 commodiorem
901 1300 934 1364 in
955 1310 1071 1365 statum

51 1392 233 1478 pervenisse
246 1392 447 1479 intellegeret,
464 1394 498 1458 in
511 1393 750 1478 Transalpinam
764 1390 899 1459 Galliam
912 1395 1071 1479 profectus

56 1500 108 1552 est.
138 1508 181 1577 eo
199 1508 273 1552 eum
290 1487 436 1564 venisset,
454 1510 569 1574 magna
586 1487 768 1552 difficultate
785 1486 992 1565 afficiebatur,
1010 1509 1073 1571 qua

56 1581 170 1645 ratione
193 1581 235 1646 ad
256 1581 425 1647 exercitum
447 1580 608 1667 pervenire
629 1591 745 1667 posset.
790 1604 863 1645 nam
885 1581 912 1645 si
933 1580 1072 1667 legiones
1175 1642 1178 1648 s

58 1674 85 1738 in
108 1673 304 1759 provinciam
329 1685 513 1752 arcesseret,
544 1697 579 1740 se
605 1673 733 1740 absente
758 1674 792 1738 in
817 1674 926 1739 itinere
956 1674 1073 1760 proelio

60 1766 253 1832 dimicaturas
270 1767 482 1855 intellegebat3
502 1768 529 1833 si
545 1768 613 1855 ipse
626 1769 667 1833 ad
681 1767 851 1832 exercitum
864 1767 1072 1846 contenderet,

63 1882 97 1925 ne
119 1861 157 1926 iis
178 1861 307 1945 quidem
330 1882 368 1927 eo
390 1875 542 1948 ternpore,
568 1863 623 1947 qui
648 1862 744 1946 quieti
766 1862 957 1940 viderentur,
984 1885 1074 1927 suam

68 1953 187 2019 salutem
207 1964 291 2020 reete
313 1957 464 2020 committi
491 1956 626 2021 videbat.
674 1955 797 2020 interim
819 1955 988 2022 Lucterius
1011 1954 1106 2023 Car

70 2046 169 2112 ‹lurcus
194 2048 227 2112 in
249 2048 389 2115 Rutenos
411 2050 527 2115 missus
555 2073 624 2114 eam
647 2050 802 2116 civitatem
825 2049 978 2115 Arvernis
1000 2071 1074 2115 con-

74 2140 149 2206 ‹ilirt
190 2165 376 2230 progressus
397 2145 431 2209 in
447 2144 638 2232 Nitiobriges
661 2156 693 2210 ct
711 2143 850 2211 Gabalos
872 2144 912 2210 ab
934 2144 1074 2228 utrisque

76 2234 182 2302 obsides
198 2238 312 2324 accipit
329 2251 361 2303 et
377 2262 492 2326 magna
508 2251 617 2307 coacta
633 2262 729 2304 manu
746 2239 779 2304 in
791 2238 982 2325 provinciam
995 2238 1075 2304 Nar-

78 2326 169 2394 bonem
185 2353 296 2397 versus
314 2334 506 2418 eruptionem
528 2334 632 2399 facere
650 2333 816 2398 contendit.
860 2354 924 2416 qua
944 2353 978 2397 re
995 2355 1075 2396 nun·

81 2422 136 2489 tiata
150 2425 267 2492 Cacsar
283 2428 428 2493 omnibus
446 2429 583 2495 consiliis
602 2429 858 2493 antevertendum
876 2428 1074 2504 existimavit,

83 2517 285 2585 utllcrbonem
303 2522 558 2606 proficisceretur.
602 2544 639 2587 eo
661 2544 733 2587 curn
755 2523 905 2598 venisset,
933 2521 1075 2585 timentes

84 2612 227 2689 ademar,
245 2615 400 2698 praesidia
413 2616 445 2678 in
457 2615 589 2680 Rutenis
602 2616 853 2702 provincialibus,
871 2614 979 2680 Volcis
994 2613 1075 2678 Are·

85 2707 193 2785 unicis,
207 2707 409 2772 Tolosatibus
419 2709 596 2793 circumque
604 2709 793 2786 Narbonem,
806 2730 887 2792 quae
900 2706 1074 2773 leeahosti-

86 2791 128 2862 bus
137 2810 216 2865 erant
228 2800 369 2879 finitima,
384 2802 552 2881 constituit,
566 2814 685 2888 partem
696 2804 854 2888 copiarum
865 2824 904 2866 ex
917 2800 1077 2886 provincia

86 2893 385 2980 supplementumque,
409 2897 493 2980 quod
510 2919 550 2962 ex
567 2897 659 2962 Italia
676 2898 860 2974 adduxerat,
882 2897 914 2960 in
932 2893 1075 2969 Helvios,

85 2984 124 3065 qui
139 2987 212 3054 lines
235 2989 450 3057 Arvernorum
471 2992 669 3078 contingunt,
697 2991 862 3057 convenire
883 2989 979 3055 iubet.
1026 2987 1111 3053 biso

83 3076 153 3181 {ebus
169 3085 367 3169 comparatis,
386 3107 529 3171 represso
546 3086 609 3150 iarn
626 3085 777 3151 Lucterio
795 3094 825 3150 et
842 3095 974 3161 remoto,
993 3081 1078 3167 quod

83 3181 171 3241 mirare
179 3176 260 3241 intra
272 3179 429 3263 praesidia
440 3179 649 3263 periculosum
662 3179 801 3264 putabat,
820 3179 852 3242 in
861 3177 993 3243 Helvios
1007 3198 1078 3262 pro-

81 3262 214 3336 ficiscitur.
258 3272 316 3336 etsi
338 3294 428 3337 mons
447 3272 609 3350 Cevenna,
632 3274 686 3357 qui
707 3273 869 3339 Arvernos
891 3270 931 3337 ab
952 3270 1077 3336 Helviis

79 3356 219 3443 discludit,
243 3364 409 3430 durissimo
431 3377 569 3452 tempore
588 3368 660 3431 anni
678 3367 830 3432 altissima
851 3366 923 3431 nive
944 3365 1004 3430 iter
1019 3364 1078 3428 im-

74 3454 217 3537 pediebat,
240 3468 345 3524 tamen
366 3460 511 3525 discussa
531 3461 602 3525 nive
625 3483 680 3526 sex
698 3461 730 3524 in
747 3461 940 3525 altitudinem
962 3458 1078 3543 pedum

73 3558 153 3633 atque
173 3551 218 3616 ita
239 3552 299 3618 viis
321 3554 486 3638 patefactis
509 3576 631 3619 summo
653 3555 785 3619 militum
808 3555 920 3619 sudore
938 3552 979 3617 ad
999 3552 1077 3615 fines

71 3643 272 3711 Arvernorum
300 3649 451 3733 pervenit.
495 3649 610 3733 quibus
642 3650 801 3734 oppressis
835 3645 1077 3733 inopinantibus,

69 3740 142 3821 quod
154 3762 191 3806 se
204 3740 355 3807 Cevenna
367 3752 402 3807 ut
415 3765 503 3807 muro
516 3744 653 3809 munitos
667 3742 895 3821 existimabant,
914 3764 951 3807 ac
963 3762 1003 3805 ne
1017 3739 1080 3803 sin-

68 3830 159 3917 gulari
180 3834 309 3918 quidem
330 3857 479 3919 umquam
501 3837 620 3902 homini
642 3859 679 3903 eo
697 3847 837 3922 tempore
860 3835 933 3900 anni
951 3832 1079 3899 semitae

67 3936 237 4009 patuerant,
264 3930 420 4014 equitibus
442 3930 587 4016 imperat,
615 3941 650 3995 ut
672 3954 765 4015 quam
787 3931 936 3996 latissime
958 3926 1080 4014 possint

68 4032 213 4106 ragentm
234 4031 265 4087 et
287 4044 381 4106 quam
403 4025 574 4089 maximum
597 4024 740 4090 hostibus
763 4035 910 4089 terrorem
936 4021 1078 4086 inferant.

67 4113 200 4181 celeriter
216 4117 296 4182 haec
312 4118 398 4183 fama
420 4141 457 4183 ae
475 4120 591 4184 nuntiis
613 4120 655 4185 ad
671 4117 961 4205 Vercingetorigem
978 4114 1080 4201 perfe-

68 4220 181 4289 runtur3
197 4233 293 4295 quem
305 4213 458 4297 perterriti
472 4236 580 4279 omnes
594 4213 729 4278 Arverni
743 4212 1080 4294 circumsistuntatquc

68 4300 239 4384 obsecrant,
257 4316 292 4369 ut
310 4307 376 4371 suis
395 4306 526 4372 fortunis
545 4308 701 4384 consulat,
720 4328 798 4370 neve
816 4305 856 4370 ab
874 4304 1016 4370 hostibus
1035 4304 1081 4367 di-

67 4395 218 4481 rlpiantur,
237 4400 420 4484 praesertim
437 4423 509 4465 cum
527 4403 631 4466 videat
644 4423 736 4466 omne
750 4400 791 4464 ad
804 4422 838 4463 sc
851 4399 967 4464 bellum
981 4408 1080 4462 trans-

68 4485 167 4557 latum.
209 4514 344 4576 quorum
361 4494 413 4559 ille
434 4495 579 4580 precibus
601 4505 761 4581 permotus
785 4503 886 4558 castra
908 4514 948 4556 ex
964 4491 1081 4556 Bituri-

67 4582 153 4669 p'bus
174 4598 282 4655 movet
300 4587 335 4652 in
355 4587 516 4654 Arvernos
538 4612 657 4655 versus.
702 4600 735 4653 at
757 4587 875 4654 Caesar
897 4585 1026 4651 biduum
1048 4584 1080 4649 in
1099 4603 1113 4650 9
