2692 5206
428 796 546 855 COMM.
565 798 599 855 V.
617 799 736 854 tre-42.
1051 788 1092 853 87

67 925 140 990 diss
163 930 368 998 sustentatur,
395 921 481 1006 quod
501 943 626 986 ornnem
648 944 737 1007 spem
759 922 865 988 hostes
883 924 916 987 iu
938 923 1094 989 celeritate

68 1017 233 1106 ponebant
257 1027 352 1100 atque
374 1015 455 1080 hauc
476 1016 581 1102 adepti
602 1017 763 1081 victoriam
788 1019 822 1081 in
846 1028 1033 1104 perpetuum
1059 1042 1094 1084 se

69 1113 140 1179 fore
162 1111 297 1176 victores
320 1109 525 1175 confidebant.
574 1111 738 1175 mittuntur
762 1112 803 1176 ad
826 1111 995 1179 Caesarem
1020 1136 1095 1181 eon·
1112 1134 1145 1181 lo

69 1206 180 1272 testim
197 1203 237 1270 ab
256 1203 408 1270 Cicerone
425 1204 545 1269 litterae
564 1206 685 1290 magnis
703 1206 871 1290 propositis
889 1209 1048 1293 praemiis,
1067 1210 1094 1274 si

69 1298 282 1386 pertulissent.
327 1297 465 1364 obsessis
487 1297 631 1363 omuibus
654 1299 712 1363 viis
735 1300 824 1365 missi
849 1301 1092 1388 intercipiuntur.

71 1402 170 1459 noctu
187 1414 227 1456 ex
243 1392 382 1470 materia,
400 1413 495 1474 quam
514 1392 693 1457 munitionis
708 1415 804 1459 causa
816 1407 1094 1481 comportaverant,

71 1498 176 1551 turres
201 1485 371 1550 admodum
398 1484 502 1550 CXX
528 1487 702 1551 excitantur
725 1487 900 1552 incredibili
925 1488 1094 1569 celeritate3

71 1602 156 1665 quac
173 1579 283 1645 deesse
301 1580 388 1665 operi
404 1578 598 1657 videbantur,
615 1580 825 1666 perficiuntur.
852 1581 958 1647 hostes
971 1593 1095 1668 postero
1160 1646 1163 1652 .

71 1675 126 1740 die
143 1673 243 1739 multo
259 1673 428 1738 maioribus
447 1675 561 1739 coactis
581 1675 678 1760 copiis
697 1685 799 1740 castra
817 1686 1013 1763 oppugnant,
1031 1677 1096 1742 fos-

74 1792 146 1835 sam
162 1768 329 1855 complent
374 1768 483 1834 eadem
500 1769 628 1846 ratione,
646 1791 709 1852 qua
726 1770 839 1855 pridie,
858 1770 1030 1838 abnostris
1048 1795 1097 1836 rc-

74 1865 205 1931 sistitur.
228 1864 289 1930 hoc
304 1863 388 1930 idem
405 1866 553 1949 deinceps
572 1864 698 1948 reliquis
717 1864 751 1928 fit
768 1865 889 1931 diebus.
920 1867 1007 1931 nulla
1023 1889 1096 1952 pars

72 1960 219 2024 nocturni
244 1960 390 2044 temporis
413 1960 454 2024 ad
479 1958 616 2024 laborem
643 1959 867 2038 intermittitur3
894 1983 958 2026 non
983 1962 1095 2047 aegris,

72 2076 139 2119 uon
155 2053 325 2118 vulneratis
343 2053 476 2118 facrrltas
490 2054 603 2137 quietis
617 2053 717 2117 datur.
743 2075 959 2138 quaecumque
972 2055 1013 2119 ad
1025 2076 1097 2140 pro-

72 2149 152 2213 ximi
170 2148 232 2214 diei
249 2148 514 2234 oppugnationem
537 2170 616 2232 opus
635 2159 721 2224 sunt,
748 2157 843 2211 noctu
864 2158 1095 2233 comparantem

73 2241 192 2306 multae
208 2252 373 2328 praeustae
391 2241 496 2318 sudes,
514 2263 648 2326 magnus
662 2241 826 2305 muralium
840 2240 974 2326 pilorum
987 2265 1096 2307 uume-

72 2358 129 2400 rus
146 2336 331 2413 instituitur3
350 2344 449 2401 turres
467 2333 718 2411 contabulautur,
735 2335 849 2420 pinnae
866 2335 1040 2421 loricaeque
1058 2359 1096 2401 ex

73 2428 212 2495 cratibus
230 2438 417 2494 attexuntur.
461 2429 530 2515 ipse
549 2428 670 2505 Cicero,
690 2450 762 2493 cum
780 2430 962 2494 tenuissima
978 2430 1097 2495 valetu-

73 2523 147 2587 diue
164 2531 263 2600 esset,
282 2545 322 2587 ne
339 2534 523 2589 uectumum
541 2523 667 2606 quidem
685 2521 745 2587 sibi
762 2531 886 2608 tompus
904 2524 944 2587 ad
961 2524 1097 2605 quietem

73 2616 279 2701 relinquebat,
297 2626 333 2681 ut
351 2617 429 2683 ultro
446 2617 579 2682 militum
594 2640 747 2682 concursu
760 2640 797 2681 ae
811 2616 939 2682 vocibus
955 2618 1014 2683 sibi
1027 2642 1097 2704 par-

75 2732 147 2775 cere
165 2721 338 2797 cogeretur.
383 2720 456 2775 tune
474 2711 570 2777 duces
588 2711 806 2796 principesque
824 2711 1024 2788 Nerviorum,
1043 2712 1097 2794 qui
1116 2733 1146 2779 41

73 2804 213 2890 aliquem
231 2806 383 2870 sermonis
402 2807 519 2870 aditum
538 2826 727 2889 causamque
746 2804 900 2869 amicitiae
918 2827 988 2869 cum
1008 2803 1099 2869 Cice-

72 2921 150 2965 rcue
168 2898 336 2977 habebant,
355 2900 488 2984 colloqui
507 2923 576 2965 sese
594 2898 674 2965 velle
692 2899 808 2963 dicunt.
850 2898 933 2964 sacta
945 2908 1098 2984 potestate

73 2994 196 3072 eadem,
214 3015 296 3078 quae
305 2994 474 3060 Ambiorix
488 3017 559 3059 cum
569 2995 691 3059 Titruio
705 3005 821 3080 egerat,
840 3005 1097 3058 commemorant:

72 3111 201 3155 omnem
219 3111 290 3154 esse
307 3090 340 3153 iu
357 3091 451 3155 armis
470 3088 620 3167 Galliam3
640 3087 816 3155 Germanos
834 3088 981 3153 Rhenum
998 3098 1099 3152 trans·
1205 3125 1213 3148 .

72 3185 153 3263 issc3
173 3182 321 3249 Caesaris
339 3184 591 3269 reliquorumque
609 3185 739 3250 hiberna
757 3184 939 3270 oppugnari.
981 3183 1100 3247 addunt

73 3280 173 3344 etiam
200 3278 241 3342 de
264 3276 377 3343 Sabini
398 3290 510 3344 morte:
537 3279 755 3366 Ambiorigem
777 3288 934 3344 ostentant
954 3277 1026 3342 fidei
1053 3276 1100 3341 sa-

74 3373 210 3439 ciamdae
236 3394 340 3437 causa.
385 3395 487 3438 errare
513 3396 567 3439 eos
594 3374 713 3451 dicant,
741 3373 767 3436 si
794 3373 961 3455 quicquam
987 3371 1027 3437 ab
1050 3371 1099 3435 his

74 3467 225 3554 praesidii
243 3476 377 3552 sperent,
394 3468 448 3552 qui
467 3469 532 3532 suis
549 3467 643 3533 rebus
661 3467 817 3543 dillidaut3
837 3488 906 3531 sese
924 3475 1028 3530 tamen
1040 3465 1101 3529 hoc

75 3584 147 3627 esse
165 3561 199 3626 iu
217 3558 403 3626 Ciceronem
420 3561 631 3648 populumque
649 3562 827 3626 Romanum
844 3560 957 3638 animo,
976 3569 1011 3623 ut
1025 3558 1101 3622 nihil

75 3659 138 3724 uisi
155 3658 289 3724 hiberna
309 3667 454 3722 recusent
476 3669 568 3741 atquo
590 3657 671 3722 hauc
688 3658 914 3720 inveterascere
937 3664 1102 3719 eonsuetu-

76 3754 184 3819 diuem
204 3753 318 3818 nolint:
345 3753 438 3817 licere
459 3752 520 3816 illis
542 3751 750 3816 incolumibus
772 3772 828 3835 per
850 3772 884 3814 se
907 3771 947 3813 ex
963 3746 1100 3811 hibernis
1146 3801 1149 3807 .

77 3848 240 3914 discedere
257 3857 297 3925 et,
316 3868 529 3931 quascumque
547 3847 580 3909 iu
596 3856 701 3932 partes
719 3844 825 3921 velint,
846 3845 912 3907 sine
929 3852 1014 3906 metu
1031 3863 1104 3926 pro-

78 3942 185 4007 ficisci.
232 3940 344 4007 Cicero
361 3941 497 4006 adhaec
519 3962 616 4004 unum
634 3939 728 4004 modo
750 3937 924 4024 respondit:
951 3958 1014 3999 nou
1033 3957 1102 3999 csse

80 4036 336 4101 consuetudinem
352 4036 461 4123 populi
478 4034 628 4112 Romani,
651 4033 792 4119 accipere
814 4032 853 4096 ab
875 4030 965 4096 hoste
984 4039 1103 4094 armato

82 4131 308 4196 condicionem:
336 4132 364 4196 si
390 4130 430 4196 ab
456 4131 550 4196 armis
577 4129 737 4194 discedere
763 4127 872 4203 velint,
901 4148 935 4190 se
962 4125 1102 4189 adiutore

82 4234 206 4289 utantur
221 4224 406 4311 legatosque
424 4225 464 4290 ad
478 4223 647 4289 Caesarem
664 4223 802 4299 mittant3
821 4242 946 4305 sperare
963 4219 1103 4305 precius

83 4318 212 4396 iustitia,
229 4340 312 4403 quae
329 4319 486 4404 petierint,
505 4319 733 4403 impetraturos.
778 4316 817 4380 ab
836 4314 896 4379 bac
913 4336 969 4399 spe
987 4312 1104 4399 repulsi
1121 4330 1153 4377 re

86 4410 188 4477 Nervii
205 4413 288 4478 vallo
305 4413 421 4498 pedum
438 4412 493 4477 IX
515 4421 546 4477 ct
564 4412 651 4477 sessa
672 4411 788 4497 pedum
805 4408 873 4473 XV
891 4408 1022 4474 hiberna
1039 4409 1103 4472 cin-

88 4518 171 4591 gunt.
215 4506 293 4572 haec
315 4516 346 4572 et
369 4507 562 4593 superiorum
585 4528 736 4570 annorum
758 4504 981 4569 consuetudine
1008 4523 1103 4567 ano-

10 4656 12 4667 .
90 4599 157 4666 stris
174 4612 398 4687 cognoverant,
420 4611 451 4667 et
468 4623 547 4686 quos
566 4600 605 4665 (lc
624 4599 760 4665 exercitu
777 4597 935 4663 habebant
952 4595 1101 4682 captivos,
