2738 5272
476 836 606 894 carue
624 838 722 890 r-ro.
1044 823 1106 888 293

95 987 240 1048 magnam
259 973 361 1025 autem
380 985 496 1025 moram
515 969 546 1023 et
558 959 771 1024 difficultatem
784 980 947 1023 ascensum
962 961 994 1023 in
1011 982 1106 1024 naves

95 1056 208 1120 habere
234 1055 414 1139 praesertim
440 1077 480 1117 ex
502 1053 640 1137 scaphis:
670 1075 821 1115 smumam
848 1075 917 1117 esse
943 1066 1050 1118 contra
1075 1053 1108 1116 in

95 1149 315 1213 Alexandrinis
334 1147 527 1211 velocitatem
548 1147 747 1227 locorumque
769 1155 799 1208 et
821 1145 1028 1210 aedificiorum
1052 1170 1107 1210 no-

95 1244 202 1306 titiam.
238 1242 295 1306 hos
313 1241 477 1324 praecipue
500 1241 532 1303 in
554 1239 681 1303 victoria
702 1238 869 1302 insolentes
887 1261 1107 1324 praecursurus

95 1350 124 1400 et
142 1337 211 1399 loca
228 1334 398 1398 excelsiora
420 1345 510 1417 atquc
533 1331 674 1396 aedilicia
696 1344 914 1415 occupaturam
941 1333 984 1396 ita
1006 1343 1108 1396 tamen

95 1431 171 1514 fuga
189 1428 382 1509 navibusque
400 1439 521 1490 nostros
545 1426 761 1510 prohibituros.
798 1425 924 1508 proinde
946 1425 1013 1490 eius
1036 1448 1108 1490 con-

95 1524 154 1585 silii
181 1521 435 1586 obliviscerentur
460 1531 552 1602 atque
579 1520 663 1582 ouini
689 1519 805 1583 ratione
832 1542 901 1583 esse
923 1519 1108 1583 vincendum

95 1616 273 1700 cogitarent.
310 1613 368 1677 hac
385 1614 522 1677 oratione
540 1614 624 1696 apud
642 1635 714 1676 suos
733 1611 837 1676 habita
857 1625 948 1696 atque
971 1612 1108 1676 omnium
1128 1637 1141 1680 u

95 1708 250 1772 mentibus
269 1707 409 1771 excitatis
428 1707 480 1770 dat
499 1705 728 1770 centurionibus
747 1705 912 1790 negotium,
932 1716 965 1770 ut
983 1706 1108 1789 reliquis

95 1801 240 1885 operibus
258 1801 441 1864 intermissis
465 1801 504 1863 ad
528 1799 690 1863 sodieudos
713 1810 823 1882 puteos
845 1800 981 1863 animum
1003 1799 1109 1864 confe-

95 1907 162 1958 rant
189 1917 266 1958 neve
292 1916 386 1976 (luam
412 1908 532 1977 partem
559 1892 700 1956 nocturni
726 1892 872 1976 temporis
897 1892 1108 1956 intermittant.

95 2012 156 2071 quo
183 2000 328 2072 suscepto
351 1988 475 2072 negotio
498 1998 590 2069 atque
612 1986 751 2049 omnium
776 1985 884 2048 animis
911 1986 950 2049 ad
972 1985 1110 2051 laborem

95 2081 227 2145 incitatis
255 2104 369 2166 inagna
390 2104 451 2144 una
473 2090 562 2142 nocte
586 2079 632 2143 vis
659 2101 759 2160 aquae
786 2076 884 2141 duleis
906 2078 1032 2143 inventa
1053 2087 1109 2143 est.

95 2177 137 2238 ita
155 2174 293 2258 operosis
309 2173 591 2238 Alexandrinorum
609 2171 888 2235 machinationibus
905 2173 1111 2255 maximisque

95 2267 255 2331 conatibus
282 2290 345 2330 non
370 2267 456 2350 longi
482 2266 629 2349 temporis
656 2264 760 2328 labore
787 2286 947 2329 occursum
974 2278 1030 2330 est.
1074 2289 1111 2328 co

95 2361 188 2424 biduo
211 2360 293 2445 legio
311 2358 488 2423 XXXVII
510 2382 549 2422 ex
572 2357 723 2422 dediticiis
742 2357 940 2443 Pompeianis
963 2359 1112 2423 militibus

95 2477 164 2515 rrum
183 2453 347 2528 frumento,
367 2453 470 2527 armis,
489 2452 573 2527 telis,
592 2452 752 2515 tormentis
770 2453 914 2535 imposita
931 2453 962 2516 in
980 2476 1076 2516 naves
1094 2478 1113 2514 a

97 2546 236 2608 Domitio
259 2544 391 2609 Calvino
413 2546 453 2609 ad
475 2545 565 2608 litora
587 2545 715 2608 Africae
741 2545 834 2628 paulo
860 2570 953 2630 supro
975 2546 1113 2609 Alexan-

96 2639 193 2701 driam
211 2638 313 2702 delata
330 2651 386 2703 est
423 2639 481 2703 hae
505 2661 600 2701 naves
619 2660 707 2712 euro,
731 2639 783 2720 qui
802 2639 915 2702 multos
933 2639 999 2703 dies
1017 2638 1113 2701 eonti-

95 2744 203 2795 nenter
221 2730 324 2808 flabat,
343 2744 466 2816 portum
484 2754 594 2816 capere
613 2731 869 2815 prohibebantur3
888 2732 944 2795 scd
956 2732 1024 2795 loca
1041 2745 1113 2794 suut

96 2825 223 2910 egrcgia
245 2825 328 2888 omni
351 2825 403 2888 illa
425 2826 551 2910 regione
574 2826 614 2888 ad
636 2825 785 2888 tenendas
809 2846 947 2888 ancoras.
987 2824 1112 2887 hicum

96 2920 148 2980 diu
167 2919 370 2982 retinerentur
387 2931 479 3001 atque
497 2941 596 3001 aquae
614 2919 717 3002 inopia
738 2930 962 3002 premerentur,
989 2917 1113 3001 navigio

96 3012 231 3075 actuario
250 3011 418 3076 Caesarem
437 3011 554 3075 faciunt
572 3012 741 3075 certiorem.

160 3104 292 3182 Caesar,
320 3115 354 3168 ut
371 3127 427 3190 per
445 3127 479 3168 se
497 3105 661 3168 consilium
679 3116 817 3188 caperet,
841 3106 916 3187 quid
937 3104 1114 3168 faciendum
1136 3122 1165 3168 lo

97 3199 259 3273 videretur,
278 3222 390 3262 navem
403 3199 582 3262 conscendit
595 3209 687 3282 atque
697 3221 819 3262 omnem
834 3199 965 3262 classem
980 3199 1115 3280 sesequi

96 3293 185 3355 iussit
203 3292 294 3356 uullis
314 3293 427 3356 nostris
446 3291 595 3355 militibus
610 3292 773 3376 impositis,
793 3292 886 3375 quod,
906 3315 976 3356 cum
989 3292 1114 3377 longius

96 3385 188 3469 pardo
207 3386 392 3461 discederet,
416 3385 601 3449 munitiones
620 3385 736 3448 nudare
755 3385 888 3448 nolebat.
924 3406 1056 3468 cumque
1074 3387 1114 3448 ad

96 3502 168 3540 eum
182 3478 285 3541 locum
298 3479 492 3553 accessisset,
507 3479 560 3561 qui
573 3478 744 3562 appellatur
759 3478 984 3555 Chersonesus,
999 3502 1115 3561 aquan-

97 3571 190 3652 dique
212 3593 308 3635 eausa
329 3572 462 3656 remiges
486 3573 519 3635 in
542 3584 652 3636 terram
680 3572 890 3656 exposuisset,
918 3572 1055 3636 nonnulli
1077 3596 1116 3634 cx

98 3688 134 3726 eo
153 3687 293 3740 numero,
322 3687 392 3728 eum
410 3665 533 3751 longius
557 3665 725 3730 anavibus
743 3666 925 3749 praedatum
948 3665 1117 3749 processis·

99 3767 175 3831 sent,
195 3757 233 3820 ab
253 3758 407 3840 equitibus
426 3759 563 3823 hostium
581 3770 654 3823 suut
672 3759 802 3842 excepti.
839 3781 879 3821 ex
897 3759 945 3821 his
963 3780 1118 3842 cognove-

98 3863 168 3913 runt
183 3850 351 3915 Caesarem
369 3853 472 3936 ipsum
490 3853 523 3916 in
540 3853 640 3917 classe
656 3853 778 3916 venisse
794 3874 895 3934 neque
911 3851 990 3916 ullos
1005 3851 1117 3914 milites

99 3944 129 4006 in
149 3943 280 4009 navibus
299 3944 421 4009 habere.
458 3968 521 4029 qua
538 3970 570 4012 re
593 3961 752 4031 comperta
773 3969 920 4031 magnam
943 3945 1003 4009 sibi
1020 3945 1119 4009 facul-

99 4049 193 4100 tatem
215 4037 372 4102 fortuuam
394 4039 544 4103 obtulisse
568 4040 647 4105 bene
669 4040 824 4125 gerendae
846 4040 891 4103 rei
913 4039 1116 4102 crediderunt.

100 4132 202 4214 itaque
221 4156 315 4197 naves
334 4156 456 4209 omnes,
479 4156 558 4216 <luas
577 4148 700 4218 paratas
719 4134 891 4198 habuerant
912 4134 952 4198 ad
970 4134 1118 4218 navigan-

99 4226 187 4300 dum,
215 4225 496 4312 propugnatoribus
524 4228 736 4292 instruxerunt
764 4227 953 4310 Caesarique
979 4227 1118 4291 redeunti

99 4342 169 4382 cum
188 4319 288 4383 classe
307 4332 515 4385 occurrerunt.
552 4321 605 4404 qui
623 4321 745 4385 duabus
768 4322 808 4385 dc
826 4322 928 4386 causis
951 4320 1055 4385 codic
1073 4320 1119 4383 di·

100 4414 212 4478 micarc
231 4414 366 4491 nolebat,
384 4416 468 4498 quod
487 4426 518 4479 et
535 4416 635 4479 nullos
655 4414 766 4480 milites
785 4416 817 4479 in
830 4415 961 4480 navibus
975 4415 1118 4489 habebat,

101 4521 130 4568 et
152 4520 223 4590 post
244 4509 352 4572 horam
375 4509 412 4573 X
434 4509 495 4573 diei
517 4533 567 4574 res
589 4508 753 4595 agebatur3
780 4535 842 4574 nox
865 4520 968 4574 autem
991 4509 1120 4573 allatura

102 4600 262 4665 ridebatur
279 4604 427 4668 maiorem
445 4604 589 4667 fiduciam
608 4604 677 4680 illis,
696 4603 750 4687 qui
767 4603 904 4668 locorum
923 4602 1030 4667 notitia
1047 4625 1120 4666 con·
