2738 5272
273 768 314 833 10
590 778 642 833 DE
659 777 788 833 BELLO
807 776 974 833 oance

270 905 387 970 homini
405 903 467 966 illie
484 902 679 967 nobilissimo
698 924 735 967 ae
752 900 968 987 potentissimo
985 900 1167 980 collocasse,
1185 904 1292 989 ipsum

271 1023 310 1063 ex
323 997 477 1063 Helvetiis
496 1019 625 1061 uxorem
642 997 767 1073 habere,
787 1016 925 1059 sororem
942 1017 982 1059 ex
999 1006 1097 1060 matre
1114 1007 1147 1061 ct
1165 998 1294 1083 propin-

270 1116 349 1177 quas
369 1116 442 1156 suas
460 1102 593 1177 nuptum
611 1093 643 1155 in
661 1091 739 1156 alias
757 1090 900 1155 civitates
918 1090 1097 1156 collocasse.
1134 1092 1246 1158 farere
1263 1106 1292 1158 ct

270 1211 383 1272 cupere
408 1186 563 1251 Helvetiis
590 1195 715 1271 propter
745 1206 815 1249 eam
840 1184 1037 1262 affinitatem,
1064 1185 1170 1251 odisse
1196 1187 1293 1252 etium

271 1305 328 1346 suo
346 1280 471 1345 nomine
490 1278 659 1345 Caesarem
678 1290 709 1343 et
726 1278 901 1354 Romanos,
924 1280 1010 1362 quod
1026 1301 1135 1344 corum
1152 1280 1293 1345 adventu

270 1377 408 1462 potentia
430 1377 496 1440 eius
519 1375 679 1439 deminuta
700 1384 731 1438 et
752 1373 930 1438 Divitiacus
956 1374 1053 1438 frater
1073 1374 1106 1437 in
1126 1376 1292 1458 antiquum

271 1473 372 1537 locum
390 1472 508 1557 gratiae
522 1481 615 1554 atque
633 1469 759 1534 honoris
778 1468 818 1533 sit
834 1468 1006 1533 restitutus.
1021 1469 1061 1532 'si
1074 1470 1150 1553 quid
1169 1470 1292 1535 aecidat

269 1567 432 1643 Romanis,
452 1588 607 1630 summam
624 1565 657 1628 in
675 1585 762 1648 spem
776 1585 833 1647 per
840 1561 1006 1627 Helvetios
1024 1565 1112 1650 regni
1129 1563 1292 1629 obtinendi

270 1663 390 1740 venire3
416 1661 546 1745 imperio
564 1658 671 1744 pertuli
689 1657 825 1722 Romani
845 1679 909 1722 non
930 1659 1024 1724 modo
1041 1659 1080 1723 de
1097 1680 1210 1744 regno,
1235 1658 1292 1723 scd

269 1757 362 1821 ctiam
380 1756 419 1820 de
437 1777 488 1832 ea,
511 1775 604 1836 quam
626 1751 753 1829 habeat,
776 1751 878 1837 gratia
898 1751 1072 1837 desperare.
1115 1753 1292 1838 reperiebat

269 1851 362 1914 etiam
384 1850 417 1913 in
438 1847 616 1931 quaerendo
635 1846 767 1923 Caesar,
790 1846 875 1929 quod
895 1845 1048 1930 proelium
1070 1856 1213 1930 equestre
1237 1847 1293 1911 ad-

269 1966 395 2009 versum
412 1942 521 2027 paucis
539 1952 610 2005 ante
629 1941 739 2005 diebus
758 1950 840 2005 essct
858 1940 989 2017 sactum,
1012 1940 1134 2005 initium
1151 1940 1220 2005 eius
1241 1941 1293 2005 su·

270 2060 330 2123 gae
348 2036 467 2101 factum
480 2058 500 2099 a
511 2033 708 2121 Dumnorige
727 2046 819 2118 atque
837 2034 905 2099 eius
923 2033 1078 2119 equitibus
1097 2033 1184 2118 (nam
1202 2036 1293 2118 cqui-

270 2131 361 2206 tatui,
384 2151 477 2218 quem
495 2129 611 2192 auxilio
630 2127 757 2193 Caesari
776 2128 903 2194 Haedui
925 2129 1087 2205 miserant,
1109 2127 1292 2193 Dumnorix

269 2224 437 2308 praeerat):
451 2244 557 2286 eorum
572 2221 649 2307 suga
660 2223 813 2305 reliquum
823 2243 893 2287 esse
903 2223 1073 2305 equitatmn
1083 2222 1292 2307 perterritum.

221 2340 251 2385 ru
270 2315 384 2401 quibus
397 2315 491 2381 rebus
505 2316 647 2401 cognitis,
662 2339 733 2400 curn
752 2316 792 2380 ad
809 2316 867 2380 has
886 2317 1079 2401 suspiciones
1098 2316 1292 2381 certissimae

268 2434 318 2475 res
337 2410 528 2486 accederent,
542 2410 627 2492 quod
645 2432 700 2494 per
716 2410 794 2474 fines
810 2408 1028 2493 Sequanorrun
1045 2409 1210 2475 Helvetios
1227 2419 1292 2475 tra-

269 2504 424 2581 duxisset,
450 2504 535 2587 quod
557 2502 682 2568 obsides
704 2504 860 2568 intereos
882 2504 1002 2568 dandos
1030 2514 1182 2581 curasset,
1204 2505 1290 2587 quod

269 2621 307 2663 ea
327 2599 432 2662 omnia
458 2621 520 2663 non
542 2598 635 2663 modo
661 2598 782 2662 iniussu
805 2620 864 2662 suo
885 2608 917 2663 et
938 2598 1085 2674 civitatis,
1113 2597 1169 2663 sed
1196 2598 1291 2661 etiam

269 2693 471 2758 inscientibus
489 2693 565 2779 ipsis
584 2692 724 2770 lecisset,
743 2692 828 2775 quod
845 2715 866 2756 a
882 2692 1066 2777 magistratu
1083 2691 1291 2757 Haeduorum

270 2798 481 2865 accusaretur,
501 2788 576 2853 satis
595 2809 665 2852 esse
682 2808 796 2851 causae
814 2785 1034 2861 arbitrabatur,
1053 2806 1148 2868 quare
1165 2786 1199 2848 in
1216 2807 1291 2848 eum

269 2893 322 2946 aut
336 2883 404 2967 ipse
418 2882 686 2958 animadverteret,
701 2890 755 2945 aut
767 2879 924 2944 civitatem
939 2879 1184 2944 animadvertere
1200 2878 1292 2943 iube·

269 2987 324 3039 ret.
361 2976 410 3039 his
429 2975 574 3039 omnibns
592 2975 686 3040 rebus
704 2997 801 3038 unum
818 2973 1023 3059 repugnabat,
1042 2973 1126 3055 quod
1138 2972 1291 3037 Diuitiaci

270 3068 373 3132 fratris
392 3090 549 3131 summum
567 3069 599 3131 in
616 3067 766 3152 populum
776 3067 954 3131 Romanum
972 3067 1119 3142 studium,
1134 3088 1292 3132 summam

270 3162 302 3223 in
316 3182 350 3224 se
364 3160 565 3235 voluntatem,
580 3160 739 3245 egregiam
758 3159 861 3237 fidem,
880 3161 1040 3237 iustitiam,
1055 3160 1292 3246 temperantiam

270 3264 472 3337 cognoverat:
486 3276 569 3329 narn,
583 3276 623 3317 ne
636 3254 703 3318 eius
718 3254 870 3339 supplicio
878 3255 1028 3319 Diuitiaci
1041 3255 1179 3319 aninmm
1191 3254 1293 3319 offen-

271 3346 366 3421 deret,
381 3345 554 3410 verebatur.
590 3347 695 3431 itaque
712 3349 808 3432 prius,
823 3371 918 3432 quam
936 3350 1103 3432 quiequam
1117 3357 1290 3423 conaretur,

268 3439 461 3503 Divitiacum
483 3440 524 3504 ad
547 3463 580 3504 se
598 3441 703 3504 vocari
726 3440 811 3505 iubet
833 3453 864 3506 et
886 3443 1048 3507 cotidianis
1071 3441 1291 3527 interpretibus

269 3533 409 3609 remotis,
436 3555 493 3619 per
515 3532 553 3599 O.
576 3533 737 3599 Valerium
758 3535 943 3614 Procillum,
970 3536 1140 3621 principem
1168 3533 1292 3601 Galliae

268 3629 455 3713 provinciae,
474 3628 659 3694 familiarem
677 3652 778 3707 suum,
793 3631 843 3694 cui
862 3654 1015 3695 summam
1030 3630 1169 3694 omnium
1185 3652 1292 3695 rerum

269 3723 363 3788 fidem
384 3722 533 3801 habebat,
556 3745 629 3787 cum
647 3746 685 3789 eo
703 3724 901 3807 colloquitur:
930 3725 1020 3788 simul
1040 3722 1290 3801 commonefacit,

269 3840 349 3900 quae
371 3818 440 3902 ipso
462 3829 625 3902 praesente
646 3818 680 3881 in
701 3818 831 3882 coneilio
850 3815 1013 3883 Gallorum
1035 3818 1074 3882 de
1091 3817 1290 3903 Dumnorige

270 3913 331 3976 sint
343 3913 434 3990 dicta,
445 3923 476 3976 et
485 3913 628 3988 ostendit,
639 3935 718 3995 quac
733 3913 898 3997 separatim
907 3914 1039 3996 quisque
1053 3913 1092 3976 de
1105 3934 1143 3977 eo
1157 3912 1241 3997 apud
1255 3934 1290 3977 se

269 4006 389 4069 dixerit.
424 4007 501 4091 petit
519 4017 611 4090 atque
630 4006 906 4082 lrortatu1·‚utsine
925 4008 991 4070 eius
1006 4006 1177 4070 oll'ensione
1195 4006 1291 4071 auinri

270 4097 320 4160 vel
332 4098 400 4181 ipse
414 4100 452 4163 dc
467 4123 504 4164 eo
523 4123 619 4165 causa
636 4101 762 4186 cognita
780 4110 903 4175 statuat,
918 4101 966 4165 rel
982 4101 1138 4164 civitatem
1153 4110 1289 4165 statuere

219 4212 251 4255 ro
269 4187 382 4255 iubeat.
425 4192 602 4259 Divitiacus
629 4196 734 4260 multis
757 4217 828 4259 cum
851 4195 985 4258 lacrimis
1009 4194 1178 4259 Caesarem
1205 4217 1291 4259 eom-

268 4284 379 4368 plcxus
397 4284 559 4353 obsecrare
572 4290 682 4375 coepit,
696 4290 828 4373 nequid
846 4290 972 4373 gravius
986 4290 1019 4353 in
1033 4289 1160 4353 fratrem
1174 4300 1291 4354 statue-

269 4388 328 4441 ret:
347 4378 425 4442 scire
439 4401 473 4443 se
486 4380 539 4445 illa
553 4404 622 4447 esse
636 4406 719 4460 vcra,
733 4408 790 4449 nec
804 4405 993 4468 ‹prernquam
1007 4407 1046 4448 cx
1060 4407 1097 4448 eo
1110 4384 1182 4468 plus
1195 4405 1290 4468 quam

270 4493 304 4535 se
321 4470 436 4536 doloris
454 4495 578 4557 capere,
600 4490 763 4561 propterea
781 4478 878 4560 (prod,
902 4501 973 4542 cum
991 4477 1059 4563 ipse
1077 4477 1179 4563 gratia
1195 4476 1291 4562 pluri-

269 4589 356 4631 mum
373 4568 457 4633 domi
475 4580 567 4653 atque
585 4570 617 4633 in
634 4572 753 4655 reliqna
770 4571 887 4650 Gallia,
911 4573 962 4637 ille
979 4573 1142 4637 minimum
1164 4580 1291 4656 propter
