2738 5272
185 717 249 784 332
536 724 651 780 BELLI
668 726 853 783 AFRICANI

183 852 297 918 vestri?
337 862 402 915 tum
421 847 510 913 miles
530 856 606 913 ‘non
624 849 718 926 sum,’
735 850 848 932 inquit,
868 850 954 926 ‘tiro,
973 848 1148 928 Labiene,
1169 852 1229 916 sed

184 947 223 1010 de
244 946 368 1031 legione
390 944 426 1007 X
449 942 632 1007 veteranus?
675 954 741 1006 tum
763 943 926 1009 Labienus
949 948 1028 1007 ‘nou
1051 943 1229 1030 agnoseo,'

182 1041 296 1124 inquit,
325 1039 429 1125 ‘signa
447 1039 708 1103 decumanorum!
752 1048 817 1102 tum
837 1039 940 1103 miles:
968 1039 1048 1103 ‘iam
1068 1062 1144 1118 me,
1168 1040 1226 1124 qui

185 1137 257 1213 sim,
289 1133 479 1220 intelleges’3
511 1133 603 1197 simul
635 1133 788 1198 cassidem
819 1134 859 1197 de
886 1135 986 1217 capite
1013 1134 1155 1212 deiecit,
1189 1145 1227 1199 ut

184 1230 329 1316 cognosci
348 1228 388 1292 ab
406 1250 443 1293 eo
460 1239 576 1312 posset,
595 1237 687 1311 atquo
704 1227 748 1291 ita
765 1227 863 1311 pilum
881 1227 1000 1292 viribus
1019 1237 1224 1304 contortum,

184 1325 259 1388 dum
276 1324 308 1386 in
321 1323 499 1387 Labienum
517 1321 637 1384 mittere
651 1322 818 1398 contendit,
838 1323 910 1404 equi
922 1321 1063 1407 graviter
1077 1323 1224 1388 adverso

184 1418 300 1503 pectori
318 1416 426 1481 adfixit
443 1426 475 1480 et
492 1415 547 1478 ait:
573 1414 743 1491 ‘Labiene,
762 1415 969 1479 decumanum
988 1414 1145 1491 militem,
1166 1417 1224 1500 qui

183 1523 214 1576 te
239 1511 329 1597 petit,
358 1510 435 1575 scito
462 1508 550 1573 esse?
595 1509 732 1573 omnium
756 1519 859 1572 tamen
885 1509 980 1573 animi
1002 1509 1034 1571 in
1060 1519 1222 1574 terrorem

183 1605 314 1671 coniecti
328 1616 359 1670 et
372 1604 506 1668 maxime
520 1604 667 1667 tironum:
686 1603 923 1688 circumspicere
936 1602 1019 1667 enim
1036 1600 1222 1668 Caesarem

135 1719 164 1765 17
183 1721 284 1782 noque
303 1698 435 1784 amplius
453 1697 555 1762 faeere
579 1697 639 1761 nisi
656 1697 792 1762 hostium
811 1696 912 1761 iacula
933 1697 1040 1761 vitare.
1092 1696 1223 1762 Caesar

183 1793 306 1858 interim
324 1792 452 1857 consilio
470 1791 606 1855 hostium
624 1792 748 1876 cognito
766 1791 852 1856 iubet
870 1790 967 1855 aciem
986 1790 1019 1853 in
1036 1789 1221 1878 longitudi-

184 1908 255 1950 nem
273 1909 367 1970 quom
390 1885 557 1949 maximam
581 1885 698 1969 porrigi
719 1895 751 1949 et
773 1884 898 1949 alternis
916 1883 1079 1948 conversis
1104 1885 1223 1950 eohor-

184 1980 277 2056 tibus,
295 1991 331 2043 ut
347 2002 410 2042 una
427 1989 507 2062 post,
526 1978 622 2042 altera
640 1989 711 2043 ante
727 1979 817 2064 signa
831 1978 978 2054 tenderet,
997 1977 1042 2040 ita
1059 2000 1222 2044 eoronam

184 2075 319 2140 hostium
337 2074 446 2137 dextro
464 2073 649 2157 sinistroque
668 2096 763 2138 cornu
781 2075 916 2138 mediam
935 2072 1044 2136 dividit
1063 2083 1098 2136 et
1118 2097 1222 2140 unam

189 2177 307 2253 partem
331 2166 370 2230 ab
393 2166 490 2232 altera
511 2167 671 2231 exclusam
694 2167 849 2251 equitibus
872 2167 1057 2231 intrinsecus
1082 2168 1222 2234 adortus

185 2282 255 2324 cum
270 2261 409 2345 peditatu
427 2260 495 2326 telis
514 2260 660 2325 coniectis
679 2261 712 2324 in
729 2261 836 2346 fugam
855 2261 946 2324 vertit
963 2281 1064 2342 neque
1086 2259 1222 2346 longius

184 2378 367 2440 progressus
385 2355 500 2419 veritus
518 2355 646 2419 insidias
666 2377 699 2418 se
718 2355 758 2418 ud
777 2377 849 2418 suos
868 2353 985 2438 recipit.
1012 2352 1100 2417 idem
1117 2355 1222 2420 alteru

183 2471 255 2533 pars
274 2448 412 2531 equitum
430 2449 630 2532 peditumque
649 2447 795 2513 Caesaris
813 2448 896 2512 facit.
928 2447 976 2511 his
995 2445 1092 2510 rebus
1113 2449 1221 2533 gestis

184 2564 220 2606 ao
238 2541 345 2626 procul
362 2542 504 2607 hostibus
521 2542 654 2627 repulsis
674 2541 963 2624 convulneratisque
981 2540 1021 2604 ad
1040 2563 1104 2605 sua
1122 2564 1221 2626 [orae-

135 2654 166 2703 18
187 2635 266 2699 sidia
284 2657 367 2711 sese,
387 2637 467 2701 sicut
485 2648 549 2700 erat
567 2637 750 2711 instructus,
774 2636 909 2720 recipere
927 2635 1037 2719 coepit.
1085 2635 1221 2700 interim

183 2728 231 2792 M.
254 2728 397 2794 Petreius
420 2740 451 2794 et
474 2729 533 2794 Cn.
557 2730 633 2794 Piso
659 2753 730 2794 eum
757 2728 912 2813 equitibus
935 2728 1080 2792 Numidis
1106 2729 1219 2796 MDC

183 2823 288 2887 electis
307 2825 507 2907 peditatuque
525 2825 664 2889 eiusdem
682 2825 804 2909 generis
824 2824 899 2887 satis
917 2823 1026 2908 grandi
1041 2844 1082 2885 ex
1098 2824 1219 2889 itinere

183 2927 268 2980 reeta
291 2917 430 2982 subsidio
454 2919 518 2983 suis
543 2933 715 2982 occurrunt.
760 2927 853 3000 utque
875 2916 980 2980 hostes
1003 2916 1068 2979 suis
1089 2940 1135 2981 ex
1156 2931 1221 2983 ter·

183 3034 251 3074 rore
269 3011 398 3076 firmatis
421 3035 590 3095 rursusque
613 3012 767 3076 renovatis
790 3012 901 3075 animis
924 3011 1114 3095 legionarios
1142 3037 1221 3077 eon·

184 3104 281 3168 versis
300 3105 455 3187 equitibus
474 3107 656 3189 recipientes
676 3104 862 3168 novissimos
881 3104 993 3168 adoriri
1007 3115 1037 3166 et
1055 3104 1220 3189 impedire

184 3210 365 3282 coeperunt,
393 3221 456 3281 quo
483 3199 584 3263 miuus
612 3200 645 3262 in
671 3213 772 3261 eastra
799 3220 832 3262 se
859 3198 1039 3282 reciperent.
1085 3196 1154 3263 hae
1181 3223 1218 3264 re

183 3291 400 3355 animadversa
418 3291 536 3355 Caesar
554 3291 639 3356 iubet
658 3292 748 3377 signa
765 3292 902 3354 converti
925 3301 955 3354 et
973 3290 1076 3353 medio
1096 3314 1219 3378 campo

183 3384 384 3470 redintegrari
403 3385 563 3469 proelium.
600 3408 670 3448 eum
689 3385 729 3449 ab
748 3384 889 3449 hostibus
909 3385 1017 3447 eodem
1036 3384 1137 3449 modo
1159 3411 1219 3471 pu-

183 3489 331 3562 gnaretur
348 3465 404 3542 hee
423 3480 595 3543 comminus
615 3480 654 3543 ud
674 3503 784 3543 munus
802 3479 967 3553 rediretur,
996 3475 1219 3564 Caesarisque

184 3572 303 3654 equites
321 3573 458 3636 iumenta
476 3597 516 3636 ex
534 3597 652 3638 nausea
669 3574 799 3648 recenti,
824 3573 888 3647 siti,
913 3572 1076 3657 languore,
1101 3577 1219 3656 pauci-

184 3676 260 3741 tate,
288 3665 466 3730 vulneribus
489 3668 660 3752 defatigata
682 3667 721 3729 ud
744 3667 969 3749 insequendum
991 3665 1118 3728 hostem
1144 3691 1219 3752 per-

184 3760 452 3842 severandumque
479 3783 605 3825 cursum
633 3762 767 3825 tardiora
793 3760 956 3834 haberent,
984 3758 1109 3841 dieique
1141 3784 1218 3844 pars

184 3852 298 3937 exigua
315 3853 377 3916 iam
395 3853 513 3937 reliqua
531 3865 623 3932 esset,
643 3854 822 3918 cohortibus
837 3853 992 3936 equitibus
1007 3853 1217 3920 circumdatis

183 3946 375 4022 cohortatur,
403 3958 437 4010 ut
462 3971 524 4011 uno
551 3949 614 4011 ictu
641 3949 862 4011 contenderent
884 3969 983 4029 neque
1006 3947 1216 4025 remitterent,

184 4040 284 4104 donec
301 4040 382 4104 ultra
399 4042 524 4104 ultimos
543 4041 636 4105 eolles
656 4041 761 4104 hostes
780 4040 966 4123 repulissent
988 4051 1081 4120 utque
1101 4063 1216 4106 eorum

184 4143 289 4197 essent
310 4135 408 4217 potiti.
453 4135 557 4217 itaque
581 4136 669 4220 signo
693 4135 765 4197 dato
788 4135 819 4197 in
843 4134 948 4197 hostes
976 4133 1125 4218 languide
1153 4137 1218 4200 telo

185 4227 445 4312 neglegenterque
464 4230 612 4292 mittentis
632 4228 735 4292 subito
758 4228 894 4291 immittit
913 4227 1055 4290 cohortes
1076 4237 1217 4293 turmas-

185 4342 245 4401 que
264 4341 405 4398 suorum;
424 4334 516 4404 utque
535 4334 650 4407 puncto
664 4322 811 4405 temporis
825 4321 967 4385 hostibus
981 4319 1067 4382 nullo
1081 4326 1216 4406 negotio

185 4434 295 4497 eampo
317 4417 429 4499 pulsis,
459 4426 529 4500 post
547 4416 656 4480 collem
679 4416 807 4480 deiectis
826 4416 907 4479 nacti
930 4416 1032 4478 locum
1052 4427 1151 4496 atque
1171 4417 1217 4481 ibi

186 4506 342 4591 paulisper
359 4509 552 4586 commorati,
580 4509 623 4573 ita
640 4510 685 4572 uti
703 4520 789 4573 erant
807 4508 960 4585 instructi,
988 4507 1099 4570 leniter
1116 4530 1154 4572 se
1174 4510 1218 4574 ad
