2692 5206
409 126 524 178 l'Ollll.
546 127 596 178 lll.
616 126 732 178 st-sa.
1020 119 1080 179 ‘213

58 275 95 314 ae
115 252 322 335 praemiorum
342 249 435 311 velint
452 271 520 311 esse
535 250 710 332 participes,
730 252 923 334 receptisque
938 254 1080 315 omuibus

57 347 91 408 in
108 368 173 408 una
190 358 292 407 eastra
309 342 485 427 legionibus
499 365 591 407 suum
602 365 673 406 eum
689 341 836 428 Scipione
849 343 997 410 honorem
1011 368 1081 431 par-

57 438 134 501 titur
159 436 389 518 classicumque
416 435 500 519 apud
522 458 594 499 eum
617 437 688 500 cani
714 446 745 500 et
773 436 904 501 alterum
927 438 971 502 illi
996 438 1083 504 iubet

57 530 248 616 praetorium
267 528 361 593 tendi.
388 530 487 594 auctis
505 529 603 614 copiis
617 529 749 615 Pompei
762 529 947 616 duobusque
959 534 1082 619 magnis

57 622 247 689 exercitibus
265 622 437 687 coniunctis
454 623 585 707 pristina
602 624 741 688 omnium
753 623 952 689 confirmatur
968 625 1081 710 opinio,

57 728 91 783 et
108 738 183 803 spes
199 717 347 782 victoriae
365 728 513 803 augetur,
536 718 615 783 adeo
637 728 685 796 ut,
708 717 860 803 quidquid
881 719 1083 786 intercederet

58 812 223 897 temporis,
249 812 283 875 id
304 811 418 876 merari
444 813 578 876 reditum
602 812 635 876 in
657 812 782 877 Italiam
807 812 976 891 videretur,
1003 815 1084 879 etsi

58 904 186 989 quando
208 905 284 989 quid
300 904 471 989 Pompeius
493 905 612 970 tardius
634 915 688 969 aut
709 905 933 971 consideratius
955 905 1082 983 faceret,

57 1000 153 1065 unius
175 1022 246 1063 esse
268 1000 427 1086 negotium
450 1000 525 1078 diei,
554 1000 610 1063 sed
631 1000 719 1064 illum
737 999 884 1064 delectari
904 1000 1035 1085 imperio
1053 1011 1084 1074 et

57 1092 239 1158 consulares
264 1094 496 1178 praetoriosque
523 1116 683 1158 servorum
705 1092 820 1158 habere
846 1116 976 1158 numero
1000 1095 1084 1159 diee-

56 1196 137 1251 rent.
182 1186 306 1270 iamque
327 1187 407 1250 inter
429 1208 463 1251 se
484 1187 589 1271 palam
610 1187 649 1251 de
671 1187 817 1272 praemiis
840 1210 877 1251 ac
903 1187 1082 1252 sacerdotiis

58 1279 287 1346 contendebant
305 1280 338 1344 in
355 1301 515 1363 annosque
534 1280 730 1345 consulatum
748 1279 944 1357 definiebant,
964 1280 1016 1345 ulii
1029 1282 1084 1345 do-

57 1398 128 1440 mos
145 1373 289 1459 bonaque
308 1396 429 1451 eorum,
453 1374 556 1457 quiin
574 1375 684 1439 castris
707 1385 796 1439 erant
814 1374 975 1452 Caesaris,
997 1384 1084 1460 pete-

58 1468 148 1547 bant3
175 1490 351 1554 magnaque
377 1468 536 1533 intereos
563 1468 596 1531 in
622 1468 751 1533 consilio
777 1467 838 1533 suit
863 1468 1082 1545 controversia,

58 1571 255 1648 oporteretne
272 1561 376 1626 Lucili
394 1561 495 1638 Hirri,
523 1562 608 1645 quod
629 1562 656 1626 is
679 1586 699 1626 a
715 1561 868 1647 Pompeio
891 1562 931 1626 ad
947 1560 1081 1627 Parthos

58 1656 176 1721 missus
198 1668 295 1732 esset,
322 1655 471 1740 proximis
494 1655 628 1719 comitiis
650 1656 811 1740 praetoriis
834 1654 972 1720 absentis
989 1655 1084 1721 ratio·

58 1771 133 1813 nem
150 1747 273 1827 haberi,
296 1771 367 1813 eum
386 1749 453 1812 eius
471 1750 639 1814 necessarii
656 1749 750 1813 fidem
772 1750 972 1835 implorarent
988 1750 1081 1816 Pom·

58 1842 120 1929 pei,
137 1851 323 1928 praestaret,
350 1842 435 1926 quod
452 1841 659 1927 proficiscenti
676 1843 859 1928 recepisset,
886 1865 926 1908 ne
942 1865 1000 1928 per
1016 1845 1082 1909 eius

58 1937 275 2002 anctoritatem
292 1937 439 2022 deceptus
459 1936 626 2013 videretur,
645 1937 770 2020 reliqui,
788 1938 821 2000 in
838 1937 945 2002 labore
961 1937 1029 2022 pari
1046 1959 1083 2001 ac

58 2030 198 2117 periculo
216 2052 354 2096 neurius
373 2052 481 2095 omnes
505 2032 713 2108 antecederet,
736 2041 923 2095 recusarent
962 2031 1025 2095 iam
1042 2031 1081 2094 de
1100 2053 1132 2100 8³

61 2124 236 2189 sacerdotio
254 2122 400 2189 Caesaris
417 2123 586 2201 Domitius,
608 2122 715 2210 Scipio
735 2123 944 2209 Spintherque
961 2124 1082 2188 Lentu·

63 2216 112 2283 lus
143 2216 307 2283 cotidianis
333 2218 582 2283 contentionibus
614 2218 654 2282 ad
683 2218 886 2304 gravissimas
917 2216 1082 2282 verborum

65 2310 263 2377 contumelias
289 2310 394 2397 palam
420 2313 660 2390 descenderunt,
693 2333 765 2376 oum
790 2311 947 2377 Lentulus
972 2312 1082 2377 aetatis

66 2403 209 2471 bonorem
232 2413 414 2483 ostentaret,
441 2404 601 2470 Domitius
623 2405 775 2471 urbanam
796 2406 929 2491 gratiam
950 2406 1084 2493 dignita-

71 2504 186 2583 temque
198 2498 336 2576 iactaret,
352 2496 459 2584 Scipio
472 2498 623 2563 affinitate
631 2498 763 2585 Pompei
777 2498 954 2564 confideret.
976 2507 1084 2586 postu·

73 2586 139 2654 lavit
149 2591 244 2656 edam
251 2592 293 2656 L.
303 2590 469 2656 Afranium
478 2592 659 2677 proditionis
673 2593 826 2658 exercitus
835 2591 970 2657 Acutius
979 2592 1083 2658 Rufus

79 2683 147 2766 apud
162 2683 359 2771 Pompeium,
377 2685 461 2769 quod
478 2697 604 2772 gestum
620 2686 653 2750 in
665 2685 822 2770 Hispania
838 2687 963 2752 diceret.
994 2696 1025 2751 et
1041 2687 1083 2751 L.

80 2770 221 2845 Domitius
238 2779 272 2843 in
284 2779 414 2844 consilio
427 2779 505 2843 dixit
517 2779 640 2864 plaeere
654 2779 714 2844 sibi
728 2779 810 2844 bello
824 2779 966 2845 confecto
980 2789 1082 2846 ternas

85 2865 192 2937 ubba
209 2872 279 2938 dari
295 2873 336 2938 ad
353 2873 554 2938 iudicandum
575 2872 629 2950 iis,
657 2873 712 2956 qui
734 2873 850 2937 ordinis
873 2882 977 2937 essent
994 2894 1084 2938 sena-

88 2961 138 3028 luii
151 2964 293 3051 belloque
310 2989 373 3032 una
390 2990 461 3032 cum
479 2967 555 3052 ipsis
573 2966 786 3031 interfuissent
798 2966 1028 3050 sententiasque
1045 2966 1084 3029 de

90 3050 195 3142 lingulis
221 3060 352 3138 ferrent,
383 3061 437 3145 qui
462 3060 583 3126 Romae
612 3059 835 3124 remansissent
860 3060 975 3143 quique
1004 3059 1085 3123 intra

91 3152 218 3225 mdia
242 3153 374 3241 Pompei
399 3155 533 3219 fuissent
558 3175 660 3237 neque
690 3175 817 3238 operam
841 3153 873 3217 in
903 3175 936 3217 re
961 3151 1085 3217 militari

91 3246 302 3317 metuerant:
329 3270 424 3313 unam
446 3247 512 3312 fore
538 3245 698 3324 tabellam,
724 3247 778 3330 qui
798 3245 975 3311 liberandos
1001 3245 1085 3310 omni

92 3335 201 3410 lffl'culo
222 3353 398 3420 censerent3
426 3341 568 3419 alteram,
595 3341 649 3425 qui
671 3341 781 3425 eapitis
803 3341 999 3417 damnarent;
1026 3350 1086 3404 ter-

93 3420 158 3510 fiam,
183 3435 238 3520 qui
263 3436 396 3521 pecunia
425 3435 600 3500 multarent.
644 3446 801 3519 postremo
832 3457 940 3499 omnes
967 3443 1020 3498 aut
1046 3433 1085 3497 de

92 3509 232 3595 ht>toribus
254 3529 321 3595 suis
346 3539 400 3594 aut
422 3530 460 3594 de
486 3528 632 3614 praemiis
659 3528 810 3613 pecuniae
837 3541 890 3593 aut
916 3530 955 3593 de
980 3549 1085 3613 perse·

94 3620 197 3690 luendis
225 3622 395 3689 inimicitiis
425 3621 560 3710 agebant
585 3643 656 3699 nee,
693 3621 806 3705 quibus
832 3622 1003 3687 rationibus
1034 3645 1086 3687 su-

93 3720 332 3888 dqmmabiiioem’
352 3716 421 3795 sed,
440 3715 702 3801 quemadmodum
719 3715 765 3779 uti
782 3715 910 3780 victoria
927 3714 1083 3791 deberent,

127 3904 185 3952 utu
197 3910 286 3955 eamr.
882 3908 915 3962 18
