2692 5206
527 827 689 869 PRAEFATIO
1083 822 1149 870 xxi

59 956 124 992 rum
142 938 179 992 de
197 935 284 991 rebus
302 952 320 990 a
338 952 369 990 se
408 936 491 1006 estis,
510 937 757 1041 multalraremon
768 935 887 1007 Graece,
903 936 1154 994 sedLutinelocu·

59 1007 127 1075 alia,
135 1021 210 1077 quae
219 1009 319 1059 notare
330 952 470 1073 solebant,
481 1022 598 1076 quorum
618 1013 675 1058 tum
685 1020 747 1059 esse
758 1003 945 1060 Caesarem.⁴³

59 1076 117 1129 hoe
136 1079 200 1128 erat
216 1073 376 1151 negotium,
399 1080 432 1126 ut
453 1090 488 1128 ea
506 1075 599 1139 etiam,
653 1073 697 1129 De
715 1072 772 1127 fide
790 1080 820 1128 et
841 1074 961 1129 veritate
983 1081 1153 1130 commenta·

60 1159 136 1213 quae
152 1158 287 1196 memorre
300 1141 443 1195 custodire
456 1158 510 1196 uec
519 1148 598 1212 pote·
619 1140 718 1194 riorum
731 1157 789 1195 non
802 1141 894 1195 minus
908 1143 1022 1197 diversa
1034 1142 1101 1197 inde
1116 1144 1153 1198 ab

60 1218 107 1264 rat
130 1226 186 1264 uec
214 1209 368 1276 attinebat,
394 1215 427 1263 ut
451 1226 599 1264 mensuras
618 1208 820 1277 antiquissimis
830 1210 1154 1279 temporibushomiuum

58 1279 203 1346 itinerum,
216 1276 361 1344 montium,
375 1275 519 1331 fluminum
549 1294 599 1330 nu·
617 1277 723 1330 iudicia
744 1277 871 1345 fuerunt,
898 1295 983 1348 quam
1006 1279 1042 1333 de
1063 1277 1153 1348 ipsius

60 1362 155 1400 meros
181 1345 356 1415 captivorum
381 1351 411 1399 et
436 1319 601 1400 interiecto-
617 1345 743 1398 auctoris
759 1345 885 1399 moribus
903 1352 933 1400 et
955 1346 1078 1417 ingenio.
1114 1347 1154 1403 Ut

60 1431 130 1479 rum,
141 1421 244 1483 parata
258 1412 385 1467 baberet.
411 1412 493 1467 Haeo
506 1413 600 1468 omnia
619 1419 767 1491 suspectus
789 1429 902 1467 suarum
922 1430 1015 1469 rerum
1033 1413 1153 1486 quisque

61 1488 157 1536 autem
172 1487 204 1534 ut
217 1481 322 1535 idonea
336 1481 479 1534 scribendi
495 1481 598 1551 praesi·
618 1485 699 1534 testis
713 1487 766 1549 est,
780 1480 822 1534 ita
831 1481 880 1550 qui
894 1481 923 1534 in
937 1483 1073 1536 altissimo
1088 1483 1152 1538 loco

62 1551 109 1604 dia
121 1549 323 1620 praebuerint,
342 1549 389 1602 lon
442 1555 536 1603 umen
550 1550 597 1603 ab·
619 1549 777 1603 collocatus
791 1564 848 1602 non
862 1549 1021 1605 medioeres
1030 1567 1085 1605 nec
1098 1552 1152 1621 pri·

62 1624 145 1672 erant
170 1617 209 1671 ab
231 1633 266 1671 ea
292 1616 358 1670 libri
399 1633 491 1683 orma,
534 1634 598 1672 uam
619 1617 768 1685 satas,sed
783 1615 1002 1686 gravissimeset
1016 1619 1152 1688 amplissi-

63 1685 255 1740 Sebneiderus
273 1683 367 1751 finxit,
390 1701 446 1754 quo
461 1635 533 1756 quii
551 1685 598 1738 uid
618 1700 677 1737 mas
695 1700 742 1738 res
760 1692 790 1738 et
806 1685 844 1738 ad
857 1685 954 1765 plures
966 1686 1152 1766 pertinentes,

63 1752 247 1808 memorabile
266 1752 419 1807 accidisset
435 1753 476 1807 ita
499 1702 598 1807 oraine
618 1768 690 1821 quas
708 1751 771 1822 ipse
793 1759 895 1823 gessit,
919 1760 1038 1823 scriptas
1057 1755 1152 1823 tradit,

62 1821 223 1891 expositum
236 1827 320 1887 esset,
329 1827 362 1873 ut
371 1820 434 1874 aliis
444 1821 597 1891 amplifica·
618 1826 697 1874 tanto
706 1821 840 1875 maiorem
849 1819 991 1875 hominum
1002 1822 1153 1878 dubitatio·

61 1889 105 1955 tis,
125 1889 192 1943 aliis
212 1888 365 1942 contractis
383 1889 598 1943 commentarios
617 1904 680 1942 nem
699 1895 728 1942 et
745 1887 934 1958 suspicionem
952 1888 1065 1944 excitat.
1092 1889 1154 1947 Nec

60 1957 125 2011 inde
145 1956 294 2011 contectos
313 1973 375 2010 esse
394 1957 469 2011 credi
492 1963 598 2037 posset
617 1955 830 2025 prosectoullus
843 1957 1021 2027 antiquorum
1036 1958 1152 2028 scripto·

62 2026 121 2079 Nec
161 2024 273 2079 refecto
292 2025 442 2104 quisquam
459 2025 598 2079 existima·
616 2041 678 2077 rum
702 2025 827 2078 severius
849 2025 1025 2080 examinatus
1047 2032 1077 2080 et
1101 2027 1152 2080 ini-

61 2093 115 2160 bit,
183 2094 272 2147 eserie
299 2092 415 2162 rngenio
442 2093 478 2147 ad
505 2109 598 2146 rerum
617 2091 700 2160 quius
718 2093 905 2212 reprehensus
924 2100 968 2148 est
985 2111 1069 2164 quam
1084 2095 1151 2149 Cae·

60 2160 196 2230 ipsarum,
212 2168 244 2213 ut
256 2167 354 2230 gestae
370 2166 445 2228 sunt,
464 2178 598 2215 summam
617 2176 672 2213 sar.
699 2159 747 2213 Mu
761 2159 783 2213 ti
796 2169 899 2227 autem,
915 2162 963 2232 qui
982 2162 1109 2217 certatim
1122 2164 1152 2217 id

60 2236 126 2298 post
140 2229 254 2299 aliquot
267 2229 597 2306 annosperseribendam
617 2234 749 2298 egerunt,
772 2236 804 2282 ut
825 2230 919 2283 omnia
942 2231 1150 2301 conquirerent,

61 2296 157 2366 amplo
166 2306 307 2366 apparatu
320 2297 350 2350 in
363 2296 433 2365 ipsis
446 2298 532 2351 rebus
541 2313 597 2351 me·
617 2312 691 2365 quae
708 2294 782 2350 falso
796 2302 826 2351 et
842 2297 980 2352 invidiose
998 2306 1151 2367 narrasset,

63 2366 169 2419 moriae
184 2380 273 2418 causa
286 2364 408 2418 collecto
418 2381 489 2434 opus
499 2364 596 2420 fuisse.
616 2370 667 2417 aut
694 2364 824 2433 speciosa
844 2367 1026 2421 excusatione
1050 2374 1080 2421 et
1101 2368 1151 2420 bo·

62 2432 151 2487 Paulo
170 2433 230 2486 alia
246 2431 357 2486 ratione
372 2432 448 2486 illam
463 2433 529 2488 dee
550 2433 598 2487 he·
617 2437 699 2485 nesta
715 2432 938 2502 praescriptione
956 2434 1074 2489 texisset
1101 2443 1151 2490 aut

62 2500 215 2555 meridibue
226 2499 387 2568 opinionem
394 2450 597 2555 defenditiior-
617 2500 720 2553 callido
735 2499 848 2554 silentio
863 2501 1054 2570 obscurasset,
1073 2475 1151 2561 baud

62 2567 197 2638 lelius,⁴²
215 2568 264 2638 qui
282 2584 331 2622 cas
350 2568 459 2623 Graece
478 2568 597 2638 scriptas
616 2584 709 2636 pauca
722 2568 776 2637 ipsi
795 2585 851 2622 non
867 2568 927 2623 eine
945 2569 1052 2624 invidia
1065 2572 1152 2625 aesti-

63 2635 148 2690 luisse
166 2635 316 2690 existimat.
353 2636 461 2690 Probat
481 2636 511 2690 id
534 2641 773 2699 cumlmaverunt,
800 2637 829 2689 in
852 2637 915 2690 aliis
937 2643 1102 2692 erraverunt
1123 2646 1153 2693 et

61 2705 119 2757 aliis
135 2704 218 2770 locis,
238 2711 295 2757 turn
311 2705 384 2758 Plut
397 2704 529 2772 Caealb,
549 2699 764 2775 quilcorruptos
786 2710 873 2758 testes
891 2705 981 2758 secuti
1004 2713 1083 2773 sunt,
1103 2714 1153 2761 aut

62 2780 156 2826 uenat
186 2773 338 2827 Caesarem
393 2779 439 2826 ost
472 2766 738 2842 pugnam¹denique
756 2787 814 2824 ιιοιι
836 2771 981 2825 historiam
1005 2773 1152 2842 scripsisse

62 2839 254 2894 Pharsalicam
264 2790 475 2896 caesosirostes
485 2858 553 2910 pros
575 2841 594 2892 i·
615 2836 777 2907 Caesarem,
798 2839 848 2892 sed
867 2840 1083 2894 commentarios
1102 2842 1151 2893 ob-

61 2909 179 2962 cientem
190 2908 376 2961 exclamasse:
389 2858 597 2977 ‘rodr’rtssovfri-
616 2906 657 2958 liti
671 2906 743 2960 eain
759 2906 896 2975 scriptore
911 2906 1151 2976 desideraverunt,

63 2981 158 3042 θησαν,
169 2978 209 3031 εἰς
222 2977 307 3029 τοῦτό
316 2996 351 3043 με
364 2975 482 3048 ἀνάγκης
492 2974 597 3049 ὑπηγά-
615 2990 688 3044 quae
698 2973 856 3043 exspectari
871 2980 899 3027 et
912 2974 1049 3042 postulari
1066 2976 1101 3029 ab
1117 2992 1151 3030 eo

61 3065 152 3115 yos-ro,
172 3047 219 3096 iva
228 3046 311 3098 Γάϊος
324 3050 431 3115 Καῖσαρ
445 3073 477 3083 -
489 3046 513 3097 ri
528 3065 595 3115 rspo-
615 3059 671 3095 ιιοιι
702 3048 820 3096 oterant.
831 3040 944 3095 Centies
954 3043 1152 3111 repetitumcst

60 3115 163 3178 ηκάμην
172 3112 209 3165 τὰ
219 3113 409 3181 στρατεύματα
424 3109 476 3164 κᾶν
490 3112 597 3165 uuerda—
615 3127 670 3231 guo
698 3111 732 3163 de
738 3110 838 3164 Asinio
844 3109 974 3163 Pollione
980 3110 1150 3165 resertSuei.

59 3181 184 3246 κάσθην]
203 3181 293 3233 Ταῦτά
304 3179 597 3249 φησινᾌυίννιοεηολ-
639 3195 694 3232 aes.
702 3178 748 3232 td:
760 3186 870 3247 ‘parum
881 3178 1033 3247 diligenter
1041 3196 1150 3247 parum·

60 3248 173 3301 λίωντὰ
187 3249 295 3315 ῥήματα
310 3246 451 3314 Ῥωμαϊστὶ
465 3252 517 3317 μὲν
531 3246 597 3301 ἀνα·
635 3262 670 3300 ue
697 3246 808 3315 integra
834 3246 951 3300 veritate
978 3248 1150 3317 corapositos

59 3317 240 3389 φθέγξασθαι
253 3317 304 3368 τὸν
314 3323 437 3386 Καίσαρα
453 3315 529 3384 παρὰ
547 3316 597 3370 τὸν
616 3264 858 3382 Fcommeutarios]
870 3319 960 3384 putat,
971 3332 1033 3369 eum
1045 3315 1151 3370 Caesar

58 3388 118 3438 rora
134 3384 242 3453 καιρόν,
260 3382 404 3450 Ἑλληνιστὶ
418 3382 442 3436 δ’
453 3382 500 3437 ὑπ’
509 3383 596 3437 αὐτοῦ

59 3455 225 3533 ν’ἵράφθω’
244 3451 497 3507 v'suet'caes'ao'
516 3452 596 3506 Haec
640 3505 665 3543 4³
683 3501 744 3543 ll'olrl
753 3502 836 3544 erkldrt
850 3502 897 3546 riols
912 3504 977 3553 aller,
989 3506 1151 3556 lnqnttllorke·

59 3523 145 3600 {8¹th
161 3519 265 3598 Latin?
276 3519 468 3640 ,Rmnuntiflm
487 3520 595 3575 Graece
615 3555 663 3601 ltus,
670 3565 728 3595 werra
738 3553 778 3594 roir
787 3554 809 3595 ir
820 3552 859 3596 dar
868 3555 1152 3609 orieetrirclentcssserarp

59 3605 84 3642 ιιι
106 3588 284 3658 ephemendl
306 3605 340 3640 ue
367 3596 472 3667 scrlpta
494 3604 557 3642 esse
579 3604 597 3641 a
615 3603 821 3648 demislottenncts
835 3607 870 3647 ein
884 3607 1151 3660 Fragmentdergu'eotst·

59 3654 181 3710 Caesare
201 3655 360 3709 Pollionem
379 3656 483 3710 dixisse
506 3662 595 3724 putat.
615 3657 678 3701 rosen
692 3654 818 3706 triremem
835 3657 953 3718 orreum:
976 3670 1036 3700 sens
1055 3659 1093 3700 aas
1108 3671 1152 3700 was

60 3725 96 3777 At
109 3724 212 3777 mirum
222 3723 342 3790 videtur,
357 3723 381 3776 si
391 3722 499 3777 Caesar
509 3726 597 3778 Grae·
615 3707 664 3748 Μ
673 3707 801 3758 ”⁰⁸¹⁹⁸¹⁰'¹'
809 3707 906 3800 4⁹2⁶!ss
914 3709 1104 3802 οῆζζξῖοᾚῖ*
1113 3710 1155 3810 2¹2}

59 3810 105 3846 cas
120 3791 318 3860 ephemerides
333 3791 452 3858 scripsit,
467 3792 522 3846 hoc
535 3797 595 3844 tan·
615 3807 772 3861 pricolrr'sclsem
786 3770 1002 3852 ilretgrsulcsntcintseb
1017 3789 1151 3902 rerprr'rcben

78 3877 141 3913 uam
153 3858 595 3938 singularequideffeffifirgebe
615 3871 674 3908 war,
690 3871 714 3900 ιο
732 3859 813 3919 lentie
830 3862 869 3903 dm
887 3862 942 3904 tuditi
959 3861 998 3902 dur
1027 3862 1151 3914 lemtrkttttp

59 3877 343 3981 inversorum
367 3929 472 3996 ππρπ
496 3927 595 3996 fuisse,
614 3912 1152 4005 littttl'tttaittttttt'ttxttlt

60 4012 120 4048 cum
144 3995 228 4048 taliter
252 4011 287 4047 ne
306 3995 449 4064 potuerint
473 3995 594 4065 quidem.
614 4020 723 4062 gerentem
742 3975 819 4053 {estne
838 4016 893 4064 apud
912 4026 962 4055 suos
979 4016 1073 4054 locutum
1096 4028 1152 4058 esse.

60 4063 122 4117 Alio
142 4063 230 4132 igitur
252 4062 328 4125 1000,
349 4065 376 4116 in
395 4063 517 4132 epistola
539 4062 594 4117 for.
615 4065 676 4114 Quod
686 4065 742 4103 idern
751 4065 808 4104 Plut.
818 4071 889 4105 narrat
898 4077 917 4106 c.
928 4069 953 4107 49
967 4067 1034 4112 (sues
1046 4067 1108 4107 Caes.
1118 4070 1151 4108 tt.

60 4137 144 4198 tasse,
155 4137 186 4183 ut
197 4129 332 4183 creditum
344 4137 396 4198 est
407 4146 464 4183 11011
474 4131 594 4186 ³11er-
614 4117 1151 4216 tlzdtsttttttttddetestati}

61 4199 99 4252 tlt
117 4198 326 4253 commentariis
345 4215 380 4252 ea
396 4199 491 4268 posita
508 4199 595 4253 fuisse
615 4218 763 4257 desilutrsotet
773 4218 842 4258 nando
852 4216 1069 4275 evaderet.(lr,¹lltdru
1078 4215 1151 4260 πολλὰ

61 4284 174 4321 necesse
194 4271 252 4333 est,
274 4283 394 4335 cumque
413 4267 525 4321 Graeca
546 4268 596 4320 illa
615 4280 678 4308 manu
692 4279 755 4318 supra
765 4280 823 4308 mare
837 4271 893 4311 stata
906 4273 1008 4317 tenuisse,
1023 4283 1068 4311 rem
1083 4282 1151 4321 perso

62 4333 254 4389 προπππ
267 4336 314 4387 πρ
337 4341 385 4388 πρ
398 4342 481 4401 ρ
493 4351 595 4404 ρ
614 4321 1150 4423 lustaustardetattestata

60 4404 178 4472 pretium
207 4402 286 4456 duxit
309 4402 402 4457 lollio
429 4419 593 4458 commemo·
614 4422 805 4464 ttlosltbrostulrse
815 4401 970 4473 ephemerides.
980 4425 1084 4473 Perquam
1094 4401 1151 4462 entm'

614 4474 716 4513 rldlculus
725 4474 794 4515 videri
804 4475 868 4514 debet
877 4477 998 4524 imperator,
1005 4476 1026 4515 tn
1036 4478 1084 4525 lpsa
1092 4485 1151 4513 acer·

614 4526 668 4564 rima
677 4536 748 4574 pugna
758 4527 905 4574 ephemerides
920 4527 972 4565 letas
985 4536 1035 4565 rurs
1049 4530 1149 4574 unquam

84 4576 108 4614 tt
127 4574 166 4616 liic
182 4573 408 4618 Gerciriotrtrcbrsiber
426 4575 465 4617 der·
478 4574 594 4618 deutschen
614 4586 658 4615 rem
668 4587 749 4615 sacram
758 4587 832 4616 seeum
842 4581 937 4626 portans,
948 4577 989 4615 nlrl
1000 4577 1054 4616 torte
1064 4587 1148 4626 pugnae

62 4622 130 4667 t'rrcit
139 4626 158 4666 l.
168 4639 190 4676 p.
201 4629 238 4667 1²1
248 4637 294 4677 sqq.
615 4638 676 4667 casus
686 4628 795 4676 extempio
805 4629 889 4668 “lamo
899 4632 1029 4677 excepturus
1039 4630 1091 4666 crat.

616 3757 768 3809 Zeitpeaosrea

65 4516 98 4525 u—
