2692 5206
462 780 579 839 contu.
596 783 677 840 VIII.
693 782 813 838 43-4a
1088 771 1151 838 173

128 908 317 975 nobilitatem
330 905 467 973 habebat
480 907 628 991 solusque
642 930 682 971 cx
690 906 835 971 Haeduis
849 903 889 972 ad
901 901 935 972 id
948 915 1071 993 tempus
1080 929 1150 994 per-

126 1011 281 1067 manserat
297 1002 331 1065 in
349 1000 453 1066 armis.
480 1023 517 1065 ea
530 1023 564 1065 rc
577 1002 703 1087 cognita
717 1001 846 1078 Caesar,
865 1022 937 1065 eum
954 1002 987 1066 in
1004 1000 1149 1068 omnibus
1168 1025 1200 1072 46

123 1095 263 1182 partibus
283 1093 407 1161 Galliae
424 1096 505 1161 bene
526 1118 577 1160 res
595 1096 663 1182 geri
684 1096 804 1160 videret
828 1096 1040 1179 iudicaretque
1058 1118 1151 1182 supe-

123 1188 256 1254 rioribus
288 1190 416 1255 aestivis
448 1188 584 1255 Galliam
619 1190 775 1254 devictam
810 1189 1034 1274 subactamque
1068 1212 1150 1267 esse,

123 1282 330 1367 Aquitaniam
348 1306 518 1367 numquam
531 1283 658 1360 adisset,
677 1306 733 1368 per
745 1282 895 1347 Publium
909 1280 1060 1348 Crassum
1074 1305 1151 1367 qua-

124 1379 196 1442 dam
216 1399 256 1442 ex
279 1389 367 1462 parte
390 1378 570 1455 devicisset,
597 1399 670 1442 eum
687 1377 810 1442 duabus
833 1376 1010 1464 legionibus
1031 1377 1151 1442 ineam

122 1483 245 1558 partem
259 1469 382 1537 Galliae
396 1483 444 1537 est
460 1472 630 1558 profectus,
648 1482 683 1536 ut
697 1472 740 1537 ibi
754 1483 927 1536 extremum
941 1481 1065 1556 tempus
1078 1493 1153 1536 eon·

125 1577 262 1633 sumeret
280 1568 479 1633 aestivorum.
523 1589 617 1651 quam
634 1590 701 1631 rem
720 1567 811 1632 sicuti
829 1575 932 1631 cetera
949 1565 1089 1631 celeriter
1105 1565 1152 1629 fe·
1230 1643 1233 1648 Ι

125 1661 287 1744 liciterque
309 1662 453 1726 confecit.
498 1684 632 1745 namque
660 1683 769 1726 omncs
792 1659 983 1743 Aquitaniae
1009 1659 1151 1724 civitates

125 1755 245 1840 legatos
273 1754 314 1819 ad
341 1754 511 1821 Caesarem
536 1756 688 1820 miserunt
714 1754 903 1837 obsidesque
930 1753 959 1818 ei
989 1753 1150 1818 dederunt.

126 1848 239 1932 quibus
257 1847 353 1915 rebus
370 1849 468 1935 gestis
482 1850 550 1935 ipse
564 1850 704 1932 equitum
717 1848 873 1934 praesidio
886 1846 1066 1913 Narbonem
1078 1869 1152 1933 pro-

127 1943 227 2008 fectus
245 1952 304 2020 est,
323 1944 492 2007 exercitum
506 1966 563 2028 per
575 1944 696 2029 legatos
710 1943 743 2007 in
755 1942 886 2007 hiberna
899 1942 1043 2007 deduxit:
1061 1951 1152 2025 quat-

127 2046 193 2102 tuor
210 2036 352 2122 legiones
373 2038 407 2101 in
424 2038 537 2124 Belgio
559 2038 721 2103 collocavit
744 2059 816 2102 cum
832 2036 880 2101 M.
899 2036 1040 2101 Antonio
1063 2045 1094 2101 et
1112 2035 1151 2101 C.

129 2129 284 2194 Trebonio
301 2141 332 2194 et
349 2129 387 2194 P.
406 2130 534 2196 Vatinio
551 2131 673 2217 legatis,
692 2132 771 2196 duas
789 2131 929 2218 legiones
947 2132 981 2195 iu
997 2129 1152 2196 Haeduos

129 2224 269 2302 deduxit,
292 2246 425 2307 quorum
443 2226 476 2290 in
494 2226 579 2290 omni
598 2224 702 2291 Gallia
720 2249 876 2290 summam
898 2247 969 2290 esse
987 2224 1153 2290 auetorita-

131 2329 186 2382 tem
209 2317 344 2396 sciebat,
371 2319 450 2384 duas
472 2319 506 2383 in
524 2319 659 2385 Turonis
682 2320 817 2385 adfines
837 2317 1012 2384 Carnutum
1034 2319 1149 2403 posuit,

132 2432 205 2495 quae
223 2434 349 2477 omnem
366 2413 452 2478 illam
470 2415 630 2500 regionem
648 2415 844 2479 coniunctam
864 2412 995 2479 Oceano
1013 2413 1151 2477 coutine-

133 2515 206 2583 rent‚
235 2506 316 2572 duas
337 2508 474 2590 reliquas
495 2507 529 2572 in
545 2509 754 2573 Lemovicum
775 2507 890 2573 finibus
912 2529 976 2572 non
997 2507 1091 2593 longe
1112 2505 1153 2571 ab

133 2596 293 2677 Arvernis,
320 2623 360 2665 ne
382 2623 444 2684 qua
466 2624 538 2686 pars
564 2600 686 2667 Galliae
712 2623 813 2666 vacua
835 2600 874 2665 ab
898 2601 1037 2665 exercitu
1059 2610 1152 2664 esset.

134 2714 241 2777 paucos
257 2694 325 2760 dies
337 2695 405 2780 ipse
419 2697 452 2759 in
464 2697 626 2782 provincia
638 2706 787 2771 moratus,
806 2717 879 2759 eum
892 2695 1031 2759 celeriter
1044 2717 1153 2759 omues

135 2798 299 2853 conventus
313 2791 566 2874 percucurrisset‚
581 2790 723 2875 publicas
738 2790 962 2854 controversias
977 2800 1152 2874 cognosset,

135 2878 204 2947 bene
222 2883 341 2947 meritis
359 2884 498 2967 praemia
521 2885 680 2949 tribuisset
702 2883 926 2969 (cognoscendi
949 2883 1032 2947 enim
1054 2882 1154 2946 maxi-

135 2995 209 3039 mam
227 2974 410 3040 facultatem
427 2977 576 3055 habcbat,
603 2977 688 3060 quali
710 2976 844 3061 quisquc
866 2975 979 3040 fuisset
1000 2975 1103 3040 animo
1121 2974 1154 3038 in

136 3070 220 3133 totius
236 3067 360 3134 Galliae
378 3070 561 3148 defectione,
581 3093 675 3154 quam
694 3071 882 3135 sustinuerat
899 3070 1047 3135 fidelitate
1061 3078 1153 3151 atque

135 3163 249 3228 auxiliis
269 3164 447 3248 provinciae
465 3165 576 3250 illius),
599 3165 648 3229 his
667 3165 818 3229 consectis
841 3164 936 3229 rebus
954 3164 995 3228 ad
1012 3163 1153 3250 legiones

135 3253 333 3343 iuBelgium
365 3281 399 3322 se
430 3260 539 3344 recipit
569 3258 775 3342 hibernatque
800 3258 1061 3324 Nemetocennae.
1109 3255 1154 3321 ibi
1172 3276 1204 3322 47

135 3351 289 3437 cognoscit
308 3349 486 3431 Commium
505 3351 689 3417 Atrebatem
706 3352 824 3438 proelio
842 3374 915 3417 eum
938 3353 1078 3435 equitatu
1096 3373 1154 3415 suo

136 3445 335 3510 contendisse.
363 3469 436 3510 nam
454 3468 526 3510 cum
540 3444 698 3510 Antonius
712 3446 746 3509 in
763 3445 894 3511 hiberna
911 3446 1058 3523 venisset,
1078 3445 1153 3509 civi·

135 3546 237 3622 tuaque
245 3537 436 3604 Atrebatum
449 3540 481 3603 in
495 3540 600 3604 officio
614 3551 707 3617 esset,
728 3538 901 3616 Commius,
916 3539 970 3622 qui
984 3538 1154 3623 postillam

135 3632 382 3710 vulnerationem,
401 3656 496 3717 quam
514 3656 609 3717 supra
627 3633 878 3711 commemorati,
898 3653 1021 3717 semper
1033 3632 1074 3695 ad
1088 3653 1155 3694 om-

134 3744 181 3789 nes
195 3736 301 3791 motus
319 3739 446 3811 paratus
461 3727 526 3791 suis
541 3727 662 3792 civibus
676 3749 746 3792 esse
760 3737 952 3803 consuesset,
972 3748 1011 3789 nc
1025 3725 1155 3789 consilia

135 3813 200 3883 belli
213 3820 437 3904 quaerentibus
451 3831 560 3885 auctor
571 3844 729 3886 minorum
742 3822 868 3904 duxque
878 3820 1011 3896 deesset,
1025 3828 1154 3903 parente

137 3908 280 3978 Romanis
299 3914 424 3979 civitate
442 3938 514 3979 cum
533 3916 597 3980 suis
612 3915 768 3998 equitibus
781 3914 950 3979 latrociniis
970 3937 1004 3978 se
1019 3934 1154 3996 suosque

135 4005 231 4071 alebat
257 4006 444 4091 infestisque
471 4008 631 4073 itineribus
659 4018 850 4073 commeatus
880 4007 1070 4092 complures,
1101 4007 1155 4090 qui

137 4100 403 4185 comportabantur
416 4102 449 4166 in
461 4102 592 4167 hiberna
601 4102 825 4178 Romanorum,
839 4100 1061 4186 intercipiebat.
1089 4112 1155 4165 erat
1172 4120 1205 4167 as

135 4193 296 4259 attributus
314 4194 455 4262 Antonio
473 4196 648 4281 praefectus
668 4197 807 4280 equitum
822 4195 859 4260 C.
874 4194 1053 4260 Volusenus
1068 4192 1155 4277 Qua-

135 4285 245 4365 drutus,
265 4289 320 4372 qui
338 4313 411 4354 curn
429 4312 465 4356 eo
484 4291 669 4356 hibernaret.
713 4291 798 4355 huuc
815 4289 973 4354 Antonius
992 4290 1032 4354 ad
1049 4312 1156 4374 perse·

135 4384 289 4462 (tuendum
312 4385 486 4466 equitatum
507 4385 643 4450 hostium
665 4385 768 4449 mittit.
817 4383 997 4449 Volusenus
1019 4384 1060 4448 ad
1085 4405 1155 4447 eam

137 4474 286 4555 virtutem,
305 4499 386 4561 quae
405 4478 571 4564 singularis
585 4491 651 4543 erat
664 4479 697 4543 in
711 4502 757 4556 eo,
776 4501 925 4564 magnum
939 4479 1045 4542 odium
1060 4475 1155 4541 Com-

136 4568 184 4633 nii
196 4571 398 4658 adiungebat,
416 4594 479 4658 quo
492 4572 638 4638 libentius
651 4573 685 4638 id
697 4573 823 4652 faceret,
837 4572 922 4657 quod
936 4570 1153 4656 imperabatur.
