2738 5272
274 796 311 859 14
493 864 496 868 ,
585 805 637 859 DE
656 803 783 857 BELLO
803 800 971 859 GALLICO

268 933 351 1018 pagi,
371 933 424 1015 qui
438 929 636 1017 Verbigenus
655 928 837 1013 appellatur,
858 928 925 992 sivo
943 926 1051 991 timore
1068 928 1237 1012 perterriti,
1255 951 1298 994 ne

268 1027 362 1091 armis
386 1026 504 1090 traditis
531 1023 683 1110 supplicio
706 1024 917 1099 afficerentur,
940 1022 1006 1086 sive
1028 1044 1084 1108 spe
1111 1022 1226 1088 salutis
1248 1024 1298 1089 in·

268 1121 362 1197 ducti,
376 1120 461 1203 quod
477 1119 511 1182 in
529 1130 614 1183 tanta
631 1118 827 1181 multitudine
841 1116 1057 1181 dediticiorum
1071 1140 1161 1182 suam
1181 1119 1295 1206 fugam

269 1226 324 1279 aut
349 1214 510 1290 occultari,
538 1224 592 1277 aut
619 1212 745 1276 omnino
776 1211 913 1296 ignorari
943 1233 1036 1296 posse
1064 1212 1295 1291 existimarent,

267 1309 368 1394 prima
393 1320 484 1373 noete
511 1330 528 1371 e
552 1307 662 1371 eastris
685 1306 904 1369 Helvetiorum
930 1305 1049 1390 egressi
1074 1306 1116 1369 ad
1142 1306 1295 1371 Rhenum

220 1422 252 1468 as
267 1403 407 1486 finesque
435 1400 663 1467 Germanorum
694 1400 928 1464 contenderunt.
977 1398 1061 1482 quod
1085 1399 1141 1464 ubi
1169 1400 1295 1466 Caesar

269 1497 385 1574 resciit,
404 1519 536 1580 quorum
558 1494 708 1580 perfines
730 1494 843 1571 ierant,
865 1493 929 1567 his,
952 1494 997 1557 uti
1019 1494 1240 1577 conquirerent
1262 1508 1293 1561 et

267 1592 462 1668 reducerent,
491 1591 517 1655 si
544 1589 604 1654 sibi
631 1588 755 1675 purgati
781 1610 851 1652 esse
873 1587 1000 1664 vellent,
1028 1587 1213 1672 imperarit:
1245 1612 1295 1653 re·

267 1685 378 1750 ductos
405 1686 438 1749 in
463 1684 600 1748 hostium
627 1704 755 1746 numero
782 1680 905 1759 habuit3
935 1680 1071 1763 reliquos
1098 1703 1211 1746 omnes
1238 1682 1295 1747 ob-

268 1780 401 1856 sidibus,
429 1779 537 1854 annis,
568 1776 709 1862 perfugis
740 1775 861 1839 traditis
887 1774 920 1838 in
942 1774 1131 1839 deditionem
1158 1777 1293 1862 aceepit.

267 1874 441 1950 Helvetios,
462 1873 625 1958 Tulingos,
644 1871 815 1956 Latos-'ieos
836 1870 870 1933 in
890 1869 969 1934 fines
992 1892 1076 1945 suos,
1099 1870 1183 1934 unde
1203 1882 1292 1935 erant

266 1967 412 2052 prefecti,
435 1967 547 2031 reverti
568 1966 673 2043 iussit,
697 1976 728 2029 et
749 1964 833 2048 quod
856 1963 1000 2029 omnibus
1022 1963 1175 2028 fructibus
1195 1966 1294 2029 amis-

267 2063 310 2125 sis
332 2061 415 2124 dorni
438 2060 515 2123 nihil
538 2070 617 2135 erat,
641 2081 703 2141 quo
727 2058 842 2122 famem
864 2057 1042 2135 tolerarent,
1061 2056 1293 2143 Allobrogibus

265 2155 438 2239 imperarit,
461 2164 495 2217 ut
517 2153 555 2217 iis
573 2153 721 2217 frumenti
744 2153 866 2237 copiam
884 2151 1035 2216 facerent:
1061 2152 1149 2236 ipsos
1171 2153 1292 2237 oppida

266 2250 428 2331 rieospre,
451 2269 530 2330 quos
553 2248 767 2323 incenderant,
790 2247 951 2311 restituere
968 2246 1067 2310 iussit.
1108 2245 1141 2309 id
1163 2268 1201 2310 ea
1223 2270 1293 2310 ma-

265 2343 348 2406 xime
374 2342 492 2406 ratione
519 2341 605 2419 feeit,
634 2342 719 2424 quod
744 2341 843 2404 noluit
864 2362 937 2404 oum
958 2339 1075 2416 locum,
1102 2339 1185 2403 unde
1209 2339 1292 2404 IIel-

266 2437 340 2499 vetii
361 2436 583 2511 discesserunt,
606 2457 731 2510 vacare,
749 2458 788 2498 ne
806 2446 932 2519 propter
949 2433 1118 2498 bonitatem
1140 2456 1290 2519 agrorum

267 2528 431 2606 Germani,
458 2530 512 2613 qui
538 2541 622 2594 trans
645 2529 791 2592 Rhenum
814 2528 966 2604 incolunt,
990 2550 1006 2590 e
1030 2527 1095 2591 suis
1117 2526 1235 2591 finibus
1257 2528 1290 2591 in

264 2623 482 2688 Helvetiorum
500 2623 578 2689 fines
597 2623 762 2688 transirent
779 2632 810 2685 et
827 2621 949 2685 finitimi
969 2618 1090 2686 Galliae
1108 2621 1289 2704 provinciae

265 2717 553 2804 Allobrogibusque
571 2728 685 2782 essent.
717 2716 824 2791 Boios,
842 2715 1019 2799 petentibus
1029 2714 1183 2791 Haeduis,
1201 2715 1289 2797 quod

265 2813 392 2899 egregia
406 2813 517 2877 virtute
531 2824 618 2877 erant
631 2811 758 2898 cogniti,
772 2819 806 2873 ut
823 2809 855 2873 in
873 2808 987 2873 finibus
1006 2808 1071 2872 suis
1089 2808 1287 2885 collocarent,

265 2908 433 2985 eoncessit3
460 2908 573 2990 quibus
596 2907 641 2970 illi
663 2928 756 2990 agros
774 2904 940 2978 dederunt,
964 2924 1106 2986 quosque
1128 2912 1239 2987 postea
1255 2904 1287 2967 in

264 3024 371 3085 parem
393 3003 469 3065 iuris
492 3001 705 3082 libertatisque
728 2998 956 3073 condicionem,
983 3007 1075 3080 atque
1102 2996 1162 3081 ipsi
1188 3014 1286 3073 erant,

214 3116 244 3163 es
265 3106 455 3178 receperunt.
495 3096 526 3157 in
546 3095 654 3157 eastris
672 3093 890 3157 Helvetiorum
909 3091 1032 3155 tabulae
1050 3103 1190 3176 repertae
1212 3103 1287 3155 sunt

263 3187 372 3250 litten's
383 3186 512 3251 Graecis
531 3188 691 3251 confectae
705 3198 736 3250 ct
750 3188 790 3251 ad
800 3187 970 3251 Caesarem
983 3185 1108 3262 relatae,
1123 3183 1239 3268 quibus
1255 3185 1288 3249 in

265 3279 377 3343 tabulis
396 3281 578 3344 nominatim
596 3281 673 3344 ratio
691 3280 930 3357 consenuerat,
953 3280 1007 3362 qui
1024 3300 1172 3343 numerus
1190 3278 1286 3343 domo

264 3374 380 3438 exisset
397 3396 518 3450 eorum,
538 3374 592 3456 qui
609 3396 696 3437 arma
712 3374 793 3438 serre
811 3384 953 3459 possent,
977 3373 1099 3437 etitem
1118 3373 1286 3458 separatim

262 3469 359 3551 pueri,
379 3490 469 3532 senes
488 3467 703 3551 mulieresque.
740 3491 871 3551 quarum
889 3467 1027 3532 omnium
1040 3489 1143 3531 rerum
1161 3488 1287 3530 surnma

263 3572 328 3625 erat
354 3563 490 3647 capitum
511 3562 729 3627 Helvetiorum
755 3562 840 3626 milia
859 3560 1053 3637 CCLXIII,
1077 3559 1286 3646 Tulingorum

263 3658 346 3722 milia
359 3657 528 3734 XXXVI,
546 3658 769 3722 Latovicorurn
784 3656 899 3734 XIIII,
918 3656 1132 3719 Rauracorum
1145 3654 1284 3731 XXIII,

262 3753 410 3817 Boiorum
420 3753 579 3830 XXXII3
598 3775 637 3816 ex
650 3752 708 3829 his,
723 3752 778 3835 qui
795 3774 882 3814 arma
894 3750 975 3813 sene
993 3758 1131 3833 possent,
1146 3748 1187 3811 ad
1199 3748 1287 3812 milia

263 3846 374 3912 XCII.
419 3871 541 3913 summa
563 3847 701 3910 onmium
724 3848 850 3909 fuerunt
867 3844 908 3907 ad
925 3843 1011 3907 milia
1029 3840 1284 3907 CCCLXVHI.

263 3965 379 4018 eorum,
394 3943 448 4025 qui
466 3942 593 4006 domurn
610 3941 777 4016 redierunt,
796 3961 893 4002 censu
911 3936 1027 4012 habite,
1046 3948 1079 4000 ut
1091 3935 1210 4000 Cacsar
1226 3936 1286 3999 im-

155 4110 158 4115 ·
262 4047 433 4117 perureret,
452 4046 592 4120 repertus
612 4046 659 4098 est
677 4056 824 4097 numerus
843 4032 964 4095 milium
983 4030 1011 4095 C
1030 4042 1061 4094 et
1078 4031 1124 4094 X.

213 4157 245 4203 a)
321 4128 411 4192 Bello
430 4130 647 4194 Helvetiorum
671 4128 813 4193 confecto
836 4127 930 4191 totius
953 4126 1019 4190 sere
1038 4123 1160 4191 Galliae
1177 4124 1285 4210 legati,

262 4221 416 4305 principes
430 4222 599 4299 civitatum,
614 4224 655 4287 ad
669 4222 837 4287 Caesarem
850 4220 1040 4305 gratulatum
1058 4231 1284 4285 eoru'enerunt:

262 4313 439 4399 intellegere
454 4338 532 4391 sese,
547 4318 671 4381 tametsi
688 4341 744 4401 pro
757 4315 914 4380 ueteribus
926 4313 1145 4378 Heluetiorum
1163 4312 1284 4377 iniuriis

261 4408 368 4493 populi
386 4408 520 4473 Romani
538 4410 578 4474 ab
596 4412 644 4475 his
663 4435 780 4496 poenas
799 4408 880 4474 bello
898 4409 1071 4493 repetisset,
1090 4420 1195 4472 tamon
1213 4429 1284 4470 earn

262 4524 328 4566 rem
350 4525 412 4567 non
433 4502 536 4567 minus
559 4527 599 4567 ex
616 4528 676 4569 usu
699 4517 797 4569 terrae
816 4503 938 4569 Galliae
965 4526 1060 4586 quarn
1087 4502 1196 4587 populi
1218 4502 1286 4565 Ro-

261 4597 345 4661 mani
367 4598 533 4674 accidisse,
556 4610 720 4683 propterea
740 4599 824 4683 quod
847 4621 884 4664 eo
903 4598 1032 4664 consilio
1054 4595 1285 4661 florentissimis
