2738 5272
190 658 254 725 320
496 669 611 724 BELLI
629 668 901 727 ALEXANDRINI

188 817 225 860 ac
243 795 365 872 statuit3
382 815 487 879 reges,
507 803 670 878 tyrannos,
688 793 837 879 dynastas
855 793 1033 880 provinciae
1050 792 1225 873 finitimos,

187 890 241 974 qui
258 911 367 954 omnes
385 888 425 952 ad
443 909 514 951 eum
532 898 763 965 concurrerant,
781 898 922 973 receptos
940 889 972 952 in
990 888 1086 953 fidem
1106 890 1225 954 condi-

188 982 329 1047 cionibus
348 981 501 1067 impositis
518 981 695 1065 provinciae
718 981 851 1046 tuendae
870 1003 908 1046 ac
928 981 1150 1048 defendendae
1170 984 1223 1048 di·

136 1098 169 1146 oo
188 1076 280 1140 mittit
298 1087 329 1140 et
347 1075 406 1140 sibi
424 1086 455 1139 et
471 1073 587 1160 populo
605 1074 747 1140 Romano
765 1076 980 1141 amicissimos.
1016 1078 1130 1161 paucis
1149 1078 1223 1143 die-

186 1170 245 1235 bus
259 1170 291 1233 in
304 1192 342 1234 ea
354 1168 514 1254 provincia
528 1169 720 1253 consumptis
736 1168 868 1234 Sextum
879 1168 1057 1247 Caesarem,
1072 1171 1221 1236 amicum

187 1272 217 1328 et
234 1262 444 1328 necessarium
459 1283 559 1339 suum,
578 1262 753 1348 legionibus
769 1262 941 1348 Syriaeque
959 1264 1125 1349 praefecit3
1144 1265 1221 1351 ipse

185 1357 293 1422 eadem
307 1358 418 1434 classe,
437 1378 499 1440 qua
511 1369 646 1433 venerat,
664 1358 870 1443 proficiscitur
888 1359 919 1422 in
934 1356 1087 1423 Ciliciam.
1121 1359 1220 1425 cuius

184 1451 363 1537 provinciae
381 1450 521 1514 civitates
539 1471 646 1516 omnes
665 1462 773 1515 evocat
792 1450 936 1529 Tarsum,
955 1452 1039 1535 quod
1056 1452 1220 1537 oppidum

185 1546 250 1610 fere
268 1544 363 1609 totius
382 1541 511 1608 Ciliciae
528 1542 755 1608 nobilissimum
778 1543 1044 1628 fortissimumque
1061 1556 1122 1609 cst.
1170 1545 1220 1610 ibi

184 1638 277 1703 rebus
294 1638 440 1703 omnibus
457 1637 633 1722 provinciae
652 1648 682 1702 et
699 1637 900 1702 finitimarum
918 1639 1076 1703 civitatum
1092 1641 1219 1703 eonsti-

185 1733 260 1798 tutis
278 1732 445 1818 cupiditate
462 1730 677 1815 proficiscendi
695 1732 735 1796 ad
748 1731 864 1796 bellum
877 1733 1047 1818 gerendum
1061 1754 1128 1796 non
1141 1734 1219 1797 diu-

185 1827 247 1892 tius
265 1836 402 1890 moratur
419 1825 602 1910 magnisque
624 1824 784 1890 itineribus
807 1847 863 1910 per
881 1825 1116 1912 Cappadociam
1136 1849 1219 1890 con-

185 1920 276 1985 fectis
294 1920 423 1985 biduum
441 1917 593 1983 Mazacae
610 1933 819 1984 commoratus
839 1919 981 1985 Comana
997 1922 1090 1995 uenit,
1121 1931 1220 1985 vetu-

186 2013 356 2079 stissimum
366 2025 396 2076 et
405 2013 635 2078 sanctissimum
644 2012 1035 2099 inCappadoeiaBellonae
1046 2014 1219 2099 templum,

184 2107 270 2190 quod
287 2116 373 2170 tanta
389 2105 537 2192 religione
555 2106 679 2183 colitur,
703 2116 736 2170 ut
759 2107 904 2172 sacerdos
927 2108 993 2172 eius
1016 2107 1093 2171 deae
1113 2109 1221 2173 maie-

186 2210 280 2277 state,
302 2199 445 2284 imperi0,
468 2199 606 2284 potentia
624 2199 779 2264 secundus
803 2223 913 2286 aroge
931 2222 1084 2265 consensu
1104 2202 1220 2286 gentis

185 2293 267 2357 illius
285 2291 444 2357 habeatur.
471 2292 503 2357 id
521 2292 638 2358 homini
655 2292 848 2358 nobilissimo
865 2294 1039 2378 Lyeomedi
1056 2292 1221 2378 Bithynio

184 2385 387 2462 adiudicavit3
410 2385 464 2469 qui
486 2387 572 2471 regio
591 2385 814 2471 Cappadocum
837 2410 951 2472 genere
973 2405 1057 2451 ortus
1080 2399 1220 2472 propter

185 2481 347 2545 adversam
365 2479 520 2544 fortunam
543 2480 694 2545 maiorum
718 2503 843 2544 suerum
866 2481 1134 2562 mutationemque
1158 2504 1222 2567 ge·

184 2574 267 2638 neris
284 2574 351 2638 iure
369 2573 495 2637 minime
512 2573 608 2638 dubio
627 2585 778 2638 vetustate
797 2587 901 2637 tamen
913 2574 1088 2638 intermisso
1104 2597 1220 2638 saeer-

185 2668 304 2732 dotium
321 2667 354 2732 id
371 2667 539 2753 repetebat.
566 2667 654 2731 fratri
672 2680 776 2731 autem
794 2667 1016 2733 Ariobarzanis
1035 2666 1219 2744 Ariarathi,

186 2784 256 2826 cum
275 2761 354 2826 benc
377 2762 507 2849 meritus
528 2773 657 2844 uterque
675 2784 781 2825 eorum
805 2762 843 2824 dc
865 2761 1025 2846 republica
1042 2772 1144 2837 esset,
1174 2785 1220 2827 ne

185 2867 238 2920 aut
264 2857 351 2942 regni
377 2856 551 2920 haereditas
578 2854 766 2920 Ariarathen
793 2855 984 2931 sollicitaret,
1016 2864 1069 2918 aut
1095 2853 1219 2921 haeres

183 2949 272 3034 regni
290 2961 416 3013 terreret
434 2996 580 3012 ......
598 2947 804 3013 Ariobarzani
822 2948 969 3023 attribuit,
989 2948 1041 3030 qui
1060 2946 1121 3011 sub
1143 2950 1218 3013 eius

183 3042 312 3125 imperio
332 3064 368 3105 ac
387 3042 507 3105 dicione
530 3054 621 3106 esset.
666 3042 733 3126 ipse
756 3042 814 3105 iter
834 3041 992 3126 inceptum
1011 3041 1103 3105 simili
1124 3044 1219 3106 velo-

133 3157 164 3203 oz
184 3135 275 3198 citato
294 3134 444 3198 conficere
459 3135 568 3218 coepit.
597 3157 667 3198 eum
681 3135 808 3219 propius
823 3134 959 3198 Pontum
973 3136 1114 3217 finesque
1132 3134 1218 3201 Gal·

182 3226 356 3311 lograeciae
375 3227 568 3304 accessisset,
587 3228 765 3304 Deiotarus,
786 3229 953 3293 tetrarches
968 3227 1217 3313 Gallograeciae

183 3331 257 3383 tunc
278 3320 404 3402 quidem
427 3342 524 3404 paene
548 3322 656 3399 totius,
683 3323 767 3406 quod
789 3322 816 3385 ei
839 3345 940 3404 neque
961 3321 1084 3407 legibus
1104 3346 1216 3407 neque

183 3412 320 3478 moribus
348 3436 531 3479 concessum
559 3438 629 3481 esse
652 3417 745 3480 ceteri
772 3417 942 3481 tetrarchae
965 3416 1213 3495 contendebant,

183 3508 250 3571 siue
268 3506 363 3572 dubio
381 3519 484 3572 autem
503 3531 558 3573 rex
577 3507 744 3574 Armeniae
762 3510 890 3573 minoris
909 3509 948 3573 ab
971 3519 1080 3575 senatu
1099 3512 1216 3595 appel-

182 3601 277 3678 latus,
310 3602 459 3687 depositis
486 3603 580 3688 regiis
607 3602 782 3688 insignibus
811 3626 910 3686 neque
938 3615 1056 3667 tantum
1084 3604 1215 3686 privato

183 3695 311 3771 vestitu,
340 3695 395 3759 sod
422 3696 515 3759 etiam
543 3719 665 3760 reorum
687 3696 794 3760 habitu
817 3697 949 3781 supplex
972 3697 1010 3760 ad
1035 3694 1212 3762 Caesarem

182 3788 268 3852 venit
293 3799 428 3865 oratum,
456 3800 489 3852 ut
517 3789 577 3853 sibi
600 3791 788 3875 ignosceret,
818 3792 902 3873 quod
924 3792 956 3854 in
980 3814 1016 3854 ea
1039 3804 1127 3873 parto
1152 3814 1213 3876 po-

184 3883 261 3947 situs
284 3894 449 3959 terrarum,
477 3906 557 3966 quae
579 3884 665 3947 nulla
686 3884 841 3968 praesidia
864 3884 1009 3948 Caesaris
1032 3882 1212 3960 habuisset,

182 3977 302 4040 excitus
333 3976 470 4061 imperiis
502 3979 534 4040 in
561 3976 620 4041 Cn.
647 3978 779 4063 Pompei
806 3980 914 4042 castris
946 3978 1070 4042 fuisset:
1104 4000 1213 4062 neque

183 4069 266 4132 enim
293 4092 327 4133 se
354 4069 500 4135 debuisse
525 4070 660 4135 iudicem
691 4093 761 4136 esse
792 4072 1069 4135 controversiarum
1097 4074 1212 4156 populi

133 4183 165 4229 os
183 4161 330 4240 Romani,
356 4164 411 4228 sed
429 4186 537 4249 parere
559 4165 773 4248 praesentibus
796 4166 942 4250 imperiis.
988 4177 1093 4229 eontra
1111 4187 1212 4247 quem

183 4254 385 4320 Caesareum
399 4258 534 4342 plurima
547 4282 605 4324 sua
620 4271 893 4324 commemorasset
906 4260 1018 4333 officia,
1038 4281 1118 4340 quae
1133 4282 1214 4324 con·

184 4348 232 4411 sul
246 4349 275 4413 ei
288 4350 418 4415 decretis
433 4351 565 4436 publicis
579 4352 746 4429 tribuisset,
761 4375 894 4435 cumque
908 4352 1122 4416 defensionem
1139 4355 1213 4420 eius

184 4441 298 4506 nullam
329 4466 422 4527 posse
452 4447 685 4511 excusationem
715 4448 782 4512 cius
811 4446 1038 4531 imprudentiae
1067 4446 1213 4531 recipere
