2692 5206
420 834 537 891 COMM.
556 835 578 888 Ι.
595 835 714 890 23-27.
1039 822 1080 886 13

29 976 57 1029 nt
84 960 164 1024 diu
176 960 290 1025 iactato
308 959 436 1024 brachio
453 969 670 1044 praeoptarent
688 969 812 1024 scutum
829 982 924 1024 manu
942 959 1082 1023 emittere

33 1070 59 1124 et
79 1056 190 1120 nudo
203 1078 331 1142 corpore
343 1079 493 1142 pugnare.
521 1056 646 1121 tandem
661 1057 840 1122 vulneribus
854 1057 971 1123 defessi
984 1067 1015 1122 et
1028 1079 1083 1143 pe-

38 1153 138 1216 rlem
149 1152 261 1216 referre
275 1162 315 1227 et,
329 1152 414 1235 quod
427 1174 515 1216 mons
535 1151 661 1217 suberat
679 1154 800 1218 circiter
817 1154 900 1219 mille
918 1176 1079 1240 passuum,

41 1264 79 1309 eo
113 1267 155 1309 se
170 1246 305 1331 recipere
327 1257 504 1331 coeperunt.
550 1256 641 1332 capto
664 1258 767 1312 monte
790 1258 820 1312 et
842 1247 1081 1313 succedentibus

46 1341 177 1405 nostris
193 1340 264 1404 Boii
281 1351 312 1404 et
325 1340 466 1426 Tulingi,
485 1341 539 1424 qui
556 1341 718 1406 hominum
735 1343 860 1408 milibus
879 1343 1000 1407 circiter
1014 1341 1083 1407 XV

50 1450 177 1512 agmen
196 1434 332 1499 hostium
354 1434 540 1500 claudebant
562 1445 593 1500 et
614 1436 794 1500 novissimis
812 1437 967 1521 praesidio
985 1447 1081 1513 erant,

54 1542 98 1586 ex
113 1525 221 1593 itinere
233 1538 356 1593 nostros
369 1528 465 1593 latere
478 1541 585 1614 aperto
600 1531 743 1616 aggressi
761 1531 992 1607 circumvenire,
1006 1541 1037 1595 et
1050 1531 1082 1595 id

59 1622 231 1707 conspicati
244 1622 392 1698 Helvetii,
405 1624 459 1706 qui
476 1624 509 1687 in
526 1634 663 1689 montem
681 1646 751 1689 sese
768 1634 957 1709 receperant,
975 1647 1082 1689 rursus
1096 1685 1098 1690 .

63 1709 226 1780 instarent
243 1716 395 1802 proelium
413 1718 621 1804 redintegrare
639 1728 816 1804 coeperunt.
856 1719 991 1783 Romani
1008 1740 1083 1783 con·

68 1820 160 1873 tersa
176 1811 265 1897 signa
286 1811 432 1896 bipartito
453 1812 635 1878 intulerunt:
657 1814 758 1899 prima
774 1835 812 1878 ae
829 1813 967 1878 secunda
988 1814 1081 1889 acies,

75 1904 204 1970 utitatis
222 1927 260 1970 ac
278 1907 441 1971 summotis
464 1908 631 1985 resisteret,
650 1908 752 1985 tertia,
771 1918 805 1972 ut
823 1908 981 1973 venientes
999 1907 1083 1972 exci-

79 2006 163 2094 Ptret.
189 2000 233 2064 ita
250 2000 377 2085 ancipiti
395 2000 513 2085 proelio
530 2002 584 2065 diu
601 2012 695 2085 atque
713 2002 823 2066 aeriter
840 2012 1012 2087 pugnatum
1025 2011 1082 2065 est.
1102 2013 1134 2059 ao

85 2078 178 2157 burim
207 2115 280 2157 eum
311 2094 463 2158 sustinere
495 2104 670 2159 nostrorum
697 2096 831 2181 impetus
857 2119 920 2160 non
946 2104 1083 2180 possent,

89 2173 157 2281 flleri
175 2208 224 2263 se,
246 2197 282 2250 ut
299 2198 479 2272 coeperant,
502 2189 535 2253 in
556 2199 694 2253 montem
715 2200 911 2274 receperunt,
935 2188 1022 2252 alteri
1044 2188 1084 2251 ad

91 2281 287 2363 lfflpetlimenta
304 2292 335 2346 et
352 2303 457 2347 carros
476 2305 549 2348 suos
568 2306 602 2348 sc
620 2283 824 2348 contulerunt.
859 2307 933 2347 nam
946 2282 1005 2347 hoo
1019 2292 1083 2346 toto

27 2386 30 2391 “
89 2373 191 2452 proelio,
210 2397 283 2440 cum
300 2376 340 2441 ab
358 2376 435 2440 hora
453 2378 585 2462 septima
602 2379 642 2442 ad
659 2400 824 2464 vespemm
841 2389 1016 2463 pugnaturn
1034 2377 1083 2453 sit,

88 2482 208 2532 arersmn
225 2469 348 2533 hostem
365 2471 471 2535 videre
488 2493 581 2536 nemo
598 2472 707 2556 potuit.
752 2471 792 2536 ad
815 2471 944 2535 multam
961 2480 1083 2535 noctem

84 2559 157 2627 cuam
173 2563 215 2631 atl
231 2564 454 2648 impedimenta
470 2577 644 2651 pugnatum
662 2576 723 2643 est,
746 2575 909 2651 propterea
926 2565 1010 2648 quod
1028 2586 1084 2649 pro

80 2654 146 2720 mlle
171 2679 276 2721 carros
307 2657 485 2723 obiecerant
516 2672 547 2724 et
573 2683 590 2724 e
617 2659 686 2724 loeo
719 2659 935 2744 superiorein
960 2668 1084 2722 nostros

76 2750 223 2816 venientes
245 2752 309 2817 tela
330 2753 524 2818 coniciebant
546 2766 577 2818 et
598 2754 738 2818 nonnulli
759 2755 839 2818 inter
860 2775 964 2817 carros
986 2761 1085 2816 rotas-

70 2864 124 2927 que
144 2855 281 2911 mataras
304 2869 342 2912 ae
363 2848 502 2934 tragulas
525 2847 721 2913 subiciebant
742 2857 925 2929 nostrosque
942 2845 1085 2909 vulnera-

69 2935 147 3003 bant.
182 2940 238 3004 ‹liu
256 2962 328 3005 cum
346 2952 429 3007 essct
451 2953 639 3028 pugnatum,
663 2941 892 3027 impedimentis
914 2940 1085 3021 castrisque

64 3034 160 3099 nostri
176 3034 268 3119 potiti
286 3047 368 3100 sunt.
407 3035 451 3100 ibi
470 3034 668 3123 Orgetorigis
686 3036 751 3099 filia
768 3045 861 3119 atque
880 3056 959 3097 unus
978 3054 995 3096 e
1012 3031 1084 3095 filiis

63 3140 174 3214 captus
191 3139 250 3193 est.
282 3152 322 3194 ex
339 3151 377 3194 eo
394 3131 512 3215 proelio
531 3131 651 3195 circiter
668 3130 753 3194 milia
770 3128 931 3192 hominum
945 3125 1085 3192 CXXX

61 3222 285 3308 superfuerunt
308 3246 407 3307 eaque
426 3235 491 3288 tota
507 3235 600 3289 noete
616 3225 809 3289 continenter
825 3223 940 3286 ierunt:
966 3221 1084 3285 nullam

59 3326 184 3403 partem
206 3318 307 3383 noctis
330 3319 440 3384 itinere
462 3320 639 3384 intermisso
662 3319 694 3382 in
715 3319 793 3383 fines
811 3318 994 3404 Lingonum
1019 3314 1084 3403 [die
1107 3366 1115 3381 .

58 3408 188 3497 quarto]
212 3424 434 3496 pervenerunt,
457 3436 529 3478 cum
552 3425 583 3478 et
604 3424 729 3500 propter
750 3413 879 3477 snrlnera
900 3413 1033 3477 militum
1055 3421 1086 3474 et

58 3516 189 3591 propter
207 3507 398 3591 sepulturam
412 3509 587 3574 occisorum
603 3509 701 3573 nostri
721 3506 872 3595 [triduum
887 3504 1011 3591 morati]
1031 3527 1085 3570 eos

60 3600 153 3683 sequi
175 3622 239 3664 non
261 3602 445 3685 potuissent.
487 3602 607 3668 Caesar
624 3602 663 3667 ad
681 3603 845 3687 Lingonas
868 3601 984 3665 litteras
1007 3622 1086 3662 nun·

59 3694 187 3778 tiosque
205 3694 303 3773 misit,
323 3718 363 3760 nc
381 3718 435 3761 eos
455 3697 611 3761 frumento
630 3719 708 3760 neve
726 3696 787 3759 alia
804 3718 837 3759 re
856 3696 1009 3758 iuvarent:
1032 3692 1086 3774 qui

59 3789 90 3853 si
102 3787 267 3866 iniissent,
282 3812 317 3853 se
331 3790 441 3854 eodem
455 3790 533 3867 loeo,
548 3813 610 3873 quo
620 3790 793 3867 Helvetios,
808 3788 995 3854 habiturum.
1018 3785 1086 3868 ipse

60 3882 167 3947 triduo
188 3882 366 3949 intermisso
389 3907 460 3948 eum
487 3885 632 3949 omnibus
659 3884 757 3969 copiis
784 3904 837 3947 eos
865 3881 952 3965 sequi
974 3878 1085 3962 eoepit.

59 3976 203 4043 Helvetii
223 3978 363 4043 omnium
385 4001 488 4043 rerum
515 3979 621 4063 inopia
647 3979 773 4043 adducti
795 3978 914 4063 legatos
938 3975 976 4038 tle
1000 3972 1118 4037 dedi-⁶.

61 4073 147 4137 tione
170 4072 212 4137 ad
233 4094 305 4137 eum
333 4073 493 4138 miserunt.
528 4074 583 4156 qui
607 4096 678 4137 eum
701 4096 772 4137 eum
794 4073 826 4135 in
848 4072 956 4134 itinere
974 4089 1087 4132 eonve-

59 4166 185 4231 uisscnt
203 4188 301 4250 seque
319 4168 360 4231 ad
383 4168 481 4252 pedes
503 4168 707 4253 proiecissent
730 4166 969 4251 suppliciterque
991 4162 1085 4227 locuti

60 4260 172 4326 flentes
194 4283 307 4347 pacem
329 4263 494 4346 petissent,
523 4272 616 4344 atque
639 4284 693 4326 eos
716 4262 748 4325 in
770 4283 807 4324 eo
830 4260 912 4337 loco,
935 4267 1086 4342 quotum

60 4366 178 4432 essent,
194 4378 287 4421 suum
302 4358 470 4420 adventum
485 4366 664 4440 exspectare
678 4355 830 4431 iussisset,
844 4362 1022 4440 paruerunt.
1049 4374 1087 4415 eo

59 4461 231 4535 postquam
251 4448 370 4515 Caesar
387 4449 541 4534 pervenit,
560 4448 701 4524 obsides,
721 4472 820 4525 arma,
840 4469 957 4522 servos,
976 4447 1029 4529 qui
1047 4445 1087 4509 atl

60 4566 118 4608 eos
135 4543 364 4629 perfugissent,
386 4544 538 4629 poposcit.
578 4544 652 4606 (lum
671 4566 708 4607 ea
726 4543 949 4627 conquiruntur
966 4550 997 4603 et
1014 4560 1088 4603 eon-

58 4636 215 4715 fcnmtur,
232 4647 326 4703 nocte
344 4638 521 4704 intermissa
539 4638 660 4703 circiter
676 4637 837 4702 hominum
855 4635 940 4699 milia
953 4631 1002 4697 Vl
1019 4632 1086 4697 eius
