2738 5272
182 754 245 820 308
488 767 602 822 BELLI
619 766 890 826 ALEXANDRINI

181 892 355 968 collocavit,
379 890 541 955 Ponticam
558 890 590 954 in
608 891 746 969 sinistro,
769 892 911 957 Deiotari
928 891 1065 977 legiones
1084 894 1117 957 in
1136 917 1206 960 me·

182 987 263 1050 diam
282 986 381 1050 aciem
399 983 541 1062 contulit,
567 984 682 1069 quibus
704 995 809 1050 tamen
831 985 1088 1071 angustissimum
1106 987 1209 1053 inter·

180 1080 297 1144 vallum
315 1078 426 1144 frontis
443 1078 565 1163 reliquit
581 1078 708 1162 reliquis
727 1078 904 1144 cohortibus
922 1078 954 1143 in
973 1079 1121 1146 subsidiis
1137 1081 1208 1146 col·

180 1172 299 1238 locatis.
344 1173 389 1238 sie
414 1172 568 1256 utrimque
594 1173 661 1237 acie
691 1173 842 1238 instructa
871 1196 1053 1258 processum
1085 1184 1134 1238 est
1163 1175 1206 1240 ad

132 1287 164 1334 to
182 1266 401 1331 dimicandum.
448 1266 538 1350 signe
564 1265 623 1330 sub
649 1264 731 1330 idem
758 1278 880 1352 tempus
903 1267 943 1332 ab
969 1278 1100 1350 utroque
1126 1269 1207 1334 dato

181 1361 385 1425 concuniturr
416 1359 525 1424 aeriter
555 1360 700 1443 varieque
730 1371 895 1446 pugnatur.
940 1385 1013 1425 nam
1039 1361 1207 1428 XXXVI

180 1454 273 1539 logie,
291 1476 363 1518 eum
381 1464 468 1517 extra
484 1451 603 1517 fossam
620 1453 785 1536 inequites
799 1454 882 1539 regis
897 1454 1047 1539 impetum
1061 1455 1205 1533 fecisset,

181 1548 260 1612 adeo
278 1549 447 1612 secundum
464 1547 616 1631 proelium
634 1546 717 1623 feeit,
736 1559 770 1610 ut
788 1547 950 1612 moenibus
969 1549 1073 1633 oppidi
1092 1570 1208 1613 sucee-

181 1642 267 1705 deret
285 1642 462 1724 fossamque
479 1641 622 1706 transiret
638 1661 826 1723 aversosque
844 1641 949 1706 hostes
968 1642 1206 1728 aggrederetur.

181 1746 213 1799 at
226 1734 358 1800 Pontica
375 1757 414 1798 cx
431 1733 526 1798 altera
542 1744 629 1819 parte
642 1734 735 1819 legio,
754 1756 825 1799 cum
839 1735 965 1819 paulum
979 1758 1089 1799 aversa
1102 1735 1208 1801 hosti-

182 1829 241 1893 bus
268 1829 426 1906 cessisset,
457 1828 575 1892 fossam
601 1839 704 1892 autem
732 1828 892 1893 circumire
919 1851 956 1893 ae
982 1831 1207 1894 transceudere

182 1933 293 1986 conata
309 1933 401 1997 esset,
419 1932 453 1984 ut
470 1933 576 2006 aperto
593 1921 688 1986 latere
702 1922 922 2008 aggrederetur
935 1923 1065 1998 hostem,
1084 1922 1208 2009 inipso

182 2016 311 2080 transitu
329 2016 433 2080 fossae
451 2015 573 2078 confixa
590 2025 621 2078 et
638 2036 788 2099 oppressa
810 2026 866 2080 est.
902 2014 1043 2080 Deiotari
1064 2038 1141 2080 vero
1161 2017 1208 2081 le-

181 2109 290 2194 giones
308 2109 361 2172 vix
378 2109 527 2192 impetum
545 2109 766 2172 sustinuerunt.
802 2108 845 2172 ita
862 2108 1004 2173 victrices
1026 2110 1130 2194 regiae
1151 2133 1208 2175 co-

181 2203 250 2287 piae
273 2224 368 2266 cornu
391 2225 448 2266 suo
469 2201 578 2266 dextro
601 2202 764 2284 mediaque
786 2203 852 2266 acie
870 2213 1085 2267 converterunt
1108 2227 1144 2268 se
1164 2206 1208 2270 ad

181 2295 523 2381 XXXVI'legionem.
563 2317 643 2378 quae
665 2305 769 2359 brmcn
791 2296 910 2360 fortiter
931 2297 1119 2361 vincentium
1145 2298 1209 2362 im-

180 2400 285 2473 petum
305 2390 463 2466 sustinuit,
490 2390 612 2475 maguis
631 2390 728 2473 copiis
747 2389 881 2453 hostium
906 2391 1093 2454 circumdata
1111 2413 1209 2474 prac-

181 2483 357 2546 sentissimo
375 2483 478 2547 anime
495 2505 638 2568 pugnans
657 2483 689 2545 in
708 2482 812 2546 orbem
833 2506 866 2547 se
884 2484 998 2567 recepit
1021 2484 1060 2546 ad
1078 2484 1207 2549 radices

180 2576 344 2653 montium3
363 2599 425 2658 quo
442 2576 620 2640 Pharnaces
638 2577 760 2659 insequi
778 2588 902 2660 propter
923 2577 1116 2660 iniquitatem
1141 2576 1207 2642 loci

179 2670 286 2735 uoluit.
314 2671 356 2734 ita
368 2671 499 2736 Pontica
511 2671 634 2757 legione
648 2693 745 2756 paene
764 2681 828 2733 tota
841 2671 965 2747 amissa,
984 2694 1099 2756 magna
1112 2684 1208 2756 parte

180 2765 320 2829 Deiotari
339 2766 471 2830 militum
489 2766 650 2830 interfecta
667 2764 825 2830 XXXVI
849 2764 931 2850 legio
949 2765 980 2828 in
1003 2766 1070 2828 loca
1095 2788 1129 2829 se
1151 2788 1208 2829 su-

180 2860 300 2943 periora
318 2860 446 2924 contulit
464 2884 524 2923 non
544 2860 676 2945 amplius
693 2858 782 2923 CCL
802 2859 993 2923 desideratis.
1022 2860 1208 2925 ceciderunt

180 2974 217 3015 eo
234 2952 350 3037 proelio
373 2953 526 3038 splendidi
549 2965 642 3036 atque
664 2953 799 3016 illustres
818 2952 875 3014 uiri
898 2952 1049 3027 nonnulli,
1078 2953 1207 3035 equites

179 3045 323 3109 Romani.
364 3069 426 3129 quo
449 3057 552 3110 tamon
573 3046 771 3110 incommodo
794 3045 953 3109 Domitius
976 3056 1104 3128 accepto
1131 3047 1209 3110 reli-

179 3139 268 3219 quias
296 3141 448 3203 exereitus
475 3140 618 3224 dissipati
644 3139 769 3225 collegit
795 3139 1017 3221 itineribusque
1045 3138 1119 3201 tutis
1148 3163 1210 3223 per

130 3253 159 3295 ar
181 3228 415 3314 Cappadociam
438 3255 471 3296 se
492 3233 524 3296 iu
543 3234 655 3296 Asiam
678 3232 802 3316 recepit.
838 3231 1016 3296 Pharnaces
1039 3231 1134 3295 rebus
1157 3255 1209 3296 se-

180 3327 289 3390 cundis
308 3327 416 3404 clatus,
436 3350 506 3393 cum
525 3328 564 3392 de
579 3327 715 3392 Caesare
734 3350 779 3404 ea,
798 3349 878 3411 quac
896 3326 1032 3411 optabat,
1052 3338 1207 3410 speraret,

179 3419 315 3484 Pontum
331 3421 474 3485 omnibus
489 3423 586 3506 copiis
601 3422 763 3505 occupavit
776 3421 880 3504 ibique
894 3432 924 3484 et
938 3421 1035 3484 victor
1048 3433 1078 3483 et
1093 3421 1209 3484 erude-

179 3515 316 3578 lissimus
334 3539 398 3591 rex,
419 3539 489 3579 eum
509 3516 568 3580 sibi
586 3516 740 3579 fortunam
759 3525 918 3600 paternam
933 3514 1068 3577 feliciore
1087 3527 1208 3578 eventu

179 3609 361 3686 destinaret,
380 3610 478 3674 multa
495 3611 610 3694 oppida
628 3609 831 3694 expugnavit,
851 3607 932 3672 bona
952 3607 1065 3671 civium
1084 3606 1209 3671 Roma-

179 3726 289 3766 norum
303 3702 565 3787 Ponticorumque
584 3703 719 3788 diripuit,
739 3702 890 3787 supplicia
908 3701 1066 3765 constituit
1084 3699 1117 3763 in
1136 3723 1207 3777 eos,

179 3796 232 3878 qui
250 3796 386 3879 aliquam
404 3797 521 3861 formae
541 3807 633 3880 atque
652 3796 760 3860 aetatis
783 3795 1081 3858 commendationem
1107 3793 1210 3858 babe-

179 3888 267 3966 bant,
291 3912 341 3966 ea,
364 3911 444 3973 quae
462 3901 560 3953 morte
578 3904 683 3954 essent
701 3889 873 3965 miseriora,
897 3887 1094 3969 Pontumque
1116 3887 1209 3952 nullo

180 3983 365 4047 defendente
391 3993 554 4068 paternum
581 4006 712 4070 regnum
738 3982 876 4068 glorians
904 4004 937 4045 sc
963 3981 1119 4064 recepisse
1150 3981 1210 4045 ob-

181 4076 307 4141 tinebat.

130 4187 162 4234 aa
245 4168 313 4235 Sub
336 4171 418 4235 idem
442 4181 564 4256 tempus
587 4173 618 4235 in
642 4170 767 4255 Illyrico
790 4181 838 4234 est
860 4169 1091 4233 incommodum
1115 4189 1211 4233 aece-

180 4273 281 4346 ptum;
305 4286 384 4347 quae
406 4265 566 4349 provincia
588 4264 797 4350 superioribus
820 4262 980 4327 mensibus
1002 4272 1123 4325 retenta
1141 4286 1210 4327 non

180 4368 300 4419 tantum
319 4359 386 4422 sinc
404 4359 589 4444 ignominia,
613 4361 668 4423 sed
691 4359 784 4423 etium
803 4381 874 4423 cum
892 4359 982 4423 laude
1005 4373 1078 4420 erat.
1115 4380 1211 4423 nam-

180 4471 240 4531 que
259 4471 296 4513 eo
315 4453 429 4516 missus
448 4464 564 4518 aestate
582 4476 653 4517 eum
672 4452 794 4517 duabus
812 4452 986 4538 legionibus
1007 4449 1046 4532 Q.
1068 4449 1211 4518 Cornifi·

180 4541 262 4620 eius,
294 4540 439 4610 Caesaris
466 4558 623 4630 quaestor,
655 4568 711 4633 pre
737 4558 891 4631 praetore,
918 4567 1108 4628 quamquam
1136 4559 1209 4612 orat
