2738 5272
433 818 551 876 collat.
570 819 649 876 VIII.
669 820 787 876 16-20.
1058 807 1119 874 163

98 957 164 1010 tum
182 941 378 1007 multitudine
396 943 535 1027 ipsorum
553 943 772 1007 detrimentum
785 943 942 1028 accipitur.
970 966 1042 1009 cum
1054 945 1119 1009 dis·
1138 964 1168 1010 19

98 1038 206 1124 positis
225 1037 334 1100 turmis
353 1037 385 1099 in
402 1037 502 1099 vicem
520 1036 581 1100 rari
598 1037 822 1121 proeliarentur
839 1059 940 1120 neque
959 1037 998 1103 ab
1016 1039 1120 1102 lateri-

98 1133 157 1197 bus
176 1129 391 1195 circumveniri
411 1152 483 1193 suos
501 1140 689 1214 paterentur,
709 1139 875 1215 erumpunt
892 1133 986 1195 ceteri
1001 1131 1119 1197 Correo

98 1225 267 1311 proeliante
286 1246 325 1287 ex
344 1223 439 1287 silvis.
466 1223 501 1286 lit
518 1246 634 1308 magna
651 1225 846 1288 contentione
860 1225 1016 1289 diversum
1029 1248 1119 1311 proc·

98 1321 183 1382 lium.
228 1318 402 1401 quodcum
420 1316 536 1381 diutius
554 1316 738 1401 pariMartc
757 1317 894 1395 iniretur,
913 1318 1061 1403 paulatim
1080 1341 1119 1382 ex

99 1413 185 1476 silvis
204 1412 353 1475 instructa
371 1411 536 1474 multitudo
555 1411 694 1494 procedit
712 1411 865 1494 peditum,
893 1433 974 1494 quae
996 1422 1118 1476 nostros

99 1506 202 1591 coegit
223 1505 333 1569 cedere
356 1504 485 1587 equites.
530 1504 644 1587 quibus
668 1504 806 1568 celeriter
828 1503 1016 1568 subveniunt
1041 1505 1119 1569 levis

99 1610 272 1664 armaturae
289 1598 424 1682 pedites,
448 1621 527 1681 quos
546 1610 617 1663 ante
635 1599 773 1685 legiones
792 1600 905 1663 missos
929 1599 1033 1676 docui,
1056 1609 1121 1662 tur-

99 1695 220 1777 misque
237 1703 413 1757 nostrorum
432 1694 607 1777 interpositi
628 1704 806 1758 constanter
827 1693 1027 1777 proeliantur.
1062 1716 1121 1778 pu-

98 1798 212 1873 gnatur
225 1787 416 1869 aliquamdiu
427 1787 495 1870 pari
509 1788 719 1863 contentione3
738 1786 859 1863 deinde,
874 1796 909 1850 ut
922 1787 1000 1851 ratio
1012 1796 1121 1871 postu-

99 1881 183 1945 labat
200 1880 322 1964 proclii,
342 1881 395 1963 qui
414 1881 624 1945 sustinuerant
641 1881 757 1965 primos
776 1881 910 1966 impetus
928 1881 1119 1957 insidiarum,
1185 1874 1186 1878 ¹

99 1976 158 2038 hoe
181 1975 250 2058 ipso
273 1974 350 2037 fiunt
373 1974 561 2058 superiores,
589 1975 674 2057 quod
695 1974 814 2038 nullum
836 1974 876 2040 ab
902 1974 1120 2039 insidiantibus

99 2069 310 2153 imprudentes
333 2078 517 2152 acceperant
539 2069 767 2133 detrimentum.
813 2068 966 2133 accedunt
992 2070 1120 2154 propius

99 2163 220 2225 interim
243 2163 396 2247 legiones,
424 2162 585 2245 crebrique
608 2162 719 2227 eodem
742 2174 879 2246 tempore
902 2173 933 2227 et
954 2163 1068 2227 nostris
1090 2171 1122 2226 et

98 2255 241 2320 hostibus
263 2256 363 2319 nuntii
386 2256 569 2334 afferuntur,
598 2257 816 2341 imperatorem
837 2257 996 2322 instructis
1023 2257 1121 2342 copiis

99 2351 218 2414 adesse.
263 2371 326 2433 qua
342 2372 375 2413 re
394 2351 518 2435 cognita
536 2351 690 2434 praesidio
708 2351 881 2416 cohortium
899 2351 1008 2417 confisi
1025 2351 1122 2415 nostri

99 2445 246 2508 acerrime
264 2444 463 2529 proeliantur,
481 2467 535 2522 nc,
555 2446 581 2509 si
600 2447 718 2510 tardius
737 2469 803 2510 rem
820 2447 1006 2531 gessissent,
1025 2446 1123 2509 victo-

98 2539 162 2601 riae
189 2537 320 2622 gloriam
352 2539 599 2603 communicasse
626 2562 699 2603 cum
725 2538 899 2625 legionibus
930 2540 1121 2614 viderentur3

98 2631 205 2696 hostes
228 2631 396 2697 concidunt
422 2633 533 2696 animis
556 2645 649 2716 atquc
671 2633 833 2697 itineribus
856 2633 987 2697 diversis
1014 2633 1123 2718 fugam

99 2736 258 2808 quaerunt.
287 2726 489 2809 nequiquam:
510 2749 582 2790 nam
601 2726 715 2809 quibus
731 2726 966 2790 difficultatibus
984 2726 1122 2790 locorum

98 2819 258 2883 Romanos
285 2820 429 2885 claudere
455 2820 632 2898 voluerant,
659 2821 697 2885 iis
724 2821 786 2905 ipsi
812 2819 1004 2884 tenebantur.
1049 2819 1122 2882 vieti

99 2924 203 2977 tamen
228 2913 426 2998 perculsique
448 2915 565 2978 maiore
586 2926 673 2999 parte
700 2914 816 2978 amissa
843 2913 1030 2977 consternati
1051 2934 1123 2997 pro-

99 3007 223 3092 fugiunt
240 3008 353 3091 pnrtim
372 3008 459 3071 silvis
478 3008 592 3092 petitis,
611 3008 724 3094 partim
742 3008 869 3072 flumine
888 3007 956 3090 (qui
973 3017 1078 3070 tamen
1090 3006 1123 3068 in

99 3100 175 3185 suga
202 3125 221 3164 a
246 3101 360 3166 nostris
388 3102 500 3166 acriter
525 3102 762 3185 insequentibus
789 3100 1022 3184 conficiuntur),
1050 3122 1123 3164 eum

99 3195 220 3258 interim
242 3195 327 3258 nulla
349 3195 523 3260 calamitate
548 3196 649 3260 vietus
674 3195 810 3260 Correus
833 3196 982 3260 excedere
1005 3193 1122 3279 proelio

100 3288 256 3371 silvasque
282 3301 386 3373 petere
413 3301 467 3353 aut
492 3290 695 3355 invitantibus
722 3292 836 3356 nostris
867 3291 908 3355 ad
934 3290 1124 3354 deditionem

98 3383 199 3468 potuit
224 3383 351 3460 adduci,
382 3384 459 3467 quin
485 3383 654 3449 fortissime
680 3387 861 3470 proeliando
886 3385 1123 3469 compluresque

100 3476 289 3540 vulnerando
316 3491 443 3563 cogeret
469 3478 567 3543 elatos
593 3480 754 3543 iracundia
780 3480 915 3543 victores
942 3480 975 3542 in
1001 3500 1035 3542 se
1061 3477 1124 3540 tela

100 3571 250 3633 conicere.
295 3570 348 3634 lali
371 3572 464 3637 modo
487 3595 519 3636 re
541 3584 632 3657 gesta
653 3573 829 3637 recentibus
852 3572 962 3657 proclii
982 3571 1122 3655 vestigiis
1142 3591 1175 3639 ao

99 3665 261 3749 ingressus
282 3663 409 3742 Cacsar,
429 3689 502 3730 eum
519 3667 618 3731 victos
637 3676 723 3730 tanta
740 3666 914 3730 calamitate
933 3665 1124 3729 existimaret

100 3757 206 3823 hostes
232 3759 341 3823 nuntio
363 3771 491 3845 accepto
513 3759 617 3825 locum
643 3770 815 3825 castrorum
841 3759 1016 3835 relicturos,
1043 3778 1124 3840 quac

100 3874 161 3915 non
178 3852 305 3938 longius
325 3852 365 3916 ab
383 3876 421 3917 ea
443 3854 539 3918 caede
562 3853 673 3918 abesse
691 3853 762 3938 plus
786 3853 888 3916 minus
910 3863 980 3916 octo
999 3850 1130 3915 milibus·

100 3945 298 4023 dicebantur,
317 3947 441 4010 tametsi
459 3947 587 4011 flumine
604 3947 789 4033 impeditum
806 3946 970 4010 transitum
988 3943 1123 4021 videbat,

100 4048 205 4102 tamen
231 4041 369 4105 exercitu
395 4042 537 4107 traducto
565 4043 771 4128 progreditur.
816 4052 848 4106 at
869 4040 1029 4104 Bellovaci
1054 4039 1126 4103 reli-

100 4154 243 4216 quaeque
266 4134 407 4198 civitates
430 4146 557 4220 repente
579 4158 619 4199 ex
641 4136 718 4221 fuga
740 4135 848 4220 paucis
871 4145 964 4217 atque
987 4133 1035 4197 his
1056 4133 1126 4196 vnl-

100 4228 215 4291 neratis
233 4229 375 4313 receptis,
394 4229 449 4312 qui
467 4230 615 4293 silvarum
633 4229 784 4294 beneficio
803 4250 910 4293 casum
924 4227 1124 4303 evitaverunt,

100 4320 246 4386 omuibus
261 4323 411 4402 adversis,
430 4324 580 4409 *cognita
593 4323 767 4388 calamitate
773 4321 800 4398 *‚
820 4321 981 4385 interfecto
996 4318 1124 4396 Correo,

100 4416 217 4481 amisso
239 4419 380 4502 equitatu
402 4430 432 4485 et
454 4419 633 4485 fortissimis
660 4416 833 4503 peditibus,
861 4439 933 4481 cum
959 4416 1125 4480 adventare

100 4512 261 4579 Romanos
288 4516 514 4594 existimarent,
545 4514 677 4580 coneilio
704 4524 829 4598 repente
854 4522 949 4577 cantu
979 4510 1124 4575 tubarum

100 4621 272 4675 convocato
304 4611 510 4688 conclamant,
541 4610 638 4696 legati
665 4608 854 4692 obsidesque
885 4607 926 4672 ad
953 4605 1123 4672 Caesarem

903 4707 953 4760 11·
