2692 5206
444 799 573 858 CAPU'I'
591 800 709 854 40-43.
1023 788 1086 852 309

55 919 228 999 provincia
245 924 370 987 minime
389 923 515 1007 copiosa
532 923 572 986 ad
590 922 742 986 exereitus
760 922 887 986 alerrdos
910 934 940 987 et
957 923 1087 987 finitimo

60 1001 146 1072 bello
166 1038 206 1081 ae
218 1016 465 1081 dissensionibus
479 1015 621 1080 confecta
635 1025 666 1079 et
683 1026 813 1089 vastata,
832 1025 937 1079 tamon
953 1017 1088 1100 pruden-

66 1098 105 1162 l'lfl
122 1126 166 1171 ac
183 1109 342 1196 diligentia
360 1134 425 1186 sua,
445 1110 529 1193 quod
548 1132 692 1195 magnam
711 1131 816 1172 curam
830 1110 1029 1194 suscipiebat,
1048 1134 1086 1173 ne

70 1213 132 1273 (11¹0
152 1212 264 1269 temere
281 1205 527 1289 progrederetur,
546 1214 577 1267 et
594 1203 709 1287 recepit
727 1215 756 1266 et
774 1202 922 1266 defendit.
953 1226 1087 1287 namque

73 1294 101 1391 0}
117 1297 244 1362 castella
261 1297 420 1381 complura
437 1297 513 1361 locis
532 1296 622 1362 editis
646 1296 761 1381 posita,
788 1318 920 1379 quorum
942 1308 1088 1382 opportu-

73 1386 157 1451 ffllus
175 1390 357 1456 castellanos
380 1389 558 1474 impellebat
580 1390 620 1454 ad
647 1389 845 1454 decursiones
872 1389 1031 1455 faciendas
1058 1402 1089 1454 et

72 1468 187 1548 bellum
202 1484 413 1560 inferendum,
437 1483 628 1569 expugnarit
650 1506 749 1567 enque
770 1484 885 1567 praeda
902 1483 1015 1549 milites
1033 1485 1088 1549 do-

69 1573 169 1653 navit,
184 1601 263 1661 quae
281 1579 340 1642 etsi
357 1589 422 1642 crat
440 1579 551 1655 tenuis,
570 1589 673 1642 tamen
691 1578 723 1640 in
742 1586 825 1641 tanta
841 1578 1018 1661 provinciae
1035 1578 1089 1641 de-

67 1672 244 1741 treratione
271 1684 336 1736 erat
362 1686 450 1757 grata
476 1673 658 1756 praesertim
685 1671 796 1735 virtute
821 1682 923 1756 parta,
955 1682 987 1736 et
1016 1695 1087 1737 cum

66 1748 223 1830 Octavius
241 1788 281 1829 ex
298 1765 376 1851 fuga
388 1764 560 1829 Pharsalici
577 1765 684 1849 proelii
703 1787 816 1850 magna
833 1765 933 1830 classe
950 1765 983 1829 in
1000 1766 1087 1830 illam

63 1864 92 1907 ³0
111 1856 219 1922 sinum
233 1859 423 1935 contulisset,
438 1858 545 1943 paneis
560 1858 693 1922 navibus
708 1857 941 1934 [adertinorum
956 1881 1088 1942 quorum

61 1958 193 2036 Semper
209 1952 241 2015 in
258 1951 480 2036 rempublicam
499 1951 656 2037 singulare
670 1951 847 2015 constiterat
860 1951 1007 2029 odicium,
1026 1954 1090 2017 dis-

59 2045 171 2113 persis
185 2044 370 2110 Octaviauis
388 2045 521 2109 navibus
540 2057 605 2108 erat
623 2045 748 2130 potitus,
768 2054 802 2108 ut
819 2045 868 2109 vel
881 2045 981 2110 classe
1000 2047 1089 2110 dimi-

58 2144 145 2201 ffire
159 2149 265 2224 posset
282 2138 434 2202 adiunctis
452 2139 582 2224 captivis
605 2138 737 2203 naribus
757 2139 919 2203 sociorum.
954 2161 1026 2204 cum
1043 2142 1089 2204 di-

57 2230 248 2324 tersissima
273 2243 361 2317 parte
388 2230 472 2296 orbis
499 2242 648 2296 terrarum
676 2231 735 2296 Cn.
759 2232 943 2317 Pompeium
972 2233 1090 2298 Caesar

58 2332 169 2389 actor
189 2336 371 2408 sequeretur
395 2324 631 2409 compluresque
658 2326 852 2389 adversarios
877 2327 909 2389 in
930 2326 1088 2412 Illyricum

58 2426 196 2503 Propter
215 2418 421 2483 Macedoniae
444 2419 705 2503 propinquitatem
728 2442 761 2483 se
785 2419 921 2502 reliquiis
948 2443 987 2484 ex
1013 2421 1091 2507 fuga

58 2503 207 2578 collatis
225 2514 393 2578 contulisse
411 2514 538 2589 audiret,
557 2514 674 2578 litteras
688 2515 728 2577 ad
743 2512 912 2577 Gabinium
925 2514 1027 2590 mittit,
1045 2516 1090 2577 uti

58 2612 144 2669 cum
168 2605 343 2693 legionibus
370 2607 517 2682 tironum,
545 2629 625 2690 cquae
652 2630 750 2691 nuper
776 2617 862 2671 erant
888 2608 1089 2691 conscriptae,

59 2700 316 2771 proficisceretur
338 2701 370 2764 in
392 2700 551 2785 Illyricum
574 2700 808 2783 coniunctisque
834 2700 932 2784 copiis
955 2723 1026 2764 cunr
1049 2706 1089 2781 Q.

60 2776 249 2870 Cornificio,
268 2795 396 2877 siquod
414 2794 584 2879 perieulum
603 2794 778 2879 provinciae
796 2792 967 2869 inferretur,
986 2794 1091 2878 depel-

61 2871 160 2966 leret3
178 2888 226 2953 sin
244 2910 282 2953 ea
299 2912 360 2953 non
379 2889 500 2973 magnis
519 2890 617 2973 copiis
636 2899 702 2953 tuta
719 2911 789 2952 esse
803 2898 918 2972 posset,
936 2888 970 2951 in
983 2886 1091 2952 Mace-

63 2966 196 3077 lpniam
213 2982 352 3067 legiones
370 2983 550 3046 adduceret:
570 3006 693 3047 omnem
712 2982 794 3046 enim
812 2982 896 3047 illam
911 2993 1029 3066 partem
1043 3004 1091 3044 rc-

66 3082 257 3159 glonemque
279 3077 351 3141 vivo
370 3075 428 3141 Cn.
449 3077 599 3161 Pompeio
622 3077 738 3142 bellurn
759 3077 998 3141 instauraturum
1021 3098 1091 3140 esse

69 3169 225 3234 uouebat.
261 3166 430 3247 Gabinius,
453 3182 487 3233 ut
508 3171 540 3234 in
558 3171 717 3255 Illyricum
739 3171 836 3248 venit,
864 3169 993 3234 hiberno
1015 3179 1092 3233 tem·
1110 3192 1142 3237 <ta

72 3268 146 3333 lore
162 3263 236 3329 anni
253 3286 291 3329 ac
308 3264 441 3339 difficili,
465 3264 532 3328 sive
550 3265 752 3349 copiosiorem
775 3264 966 3349 provinciam
987 3264 1094 3328 existi-

75 3364 161 3421 mans
179 3358 245 3422 sive
263 3356 395 3422 multum
412 3357 555 3422 fortunae
573 3358 697 3423 victoris
713 3358 858 3422 Caesaris
873 3357 1011 3422 tribuens
1026 3358 1092 3422 sive

78 3441 183 3515 virute
200 3462 233 3516 et
249 3450 379 3515 scientia
396 3473 454 3515 sua
471 3452 618 3528 confisus,
637 3473 732 3535 quarn
751 3473 844 3536 saepe
863 3451 895 3514 in
909 3450 997 3515 bellis
1012 3452 1093 3535 peri·

82 3536 195 3611 altatus
212 3566 346 3633 magnas
368 3568 419 3610 res
440 3556 471 3609 et
494 3547 646 3610 secundas
670 3547 766 3609 ductu
788 3567 929 3627 ausuque
947 3566 1005 3607 suo
1022 3567 1093 3629 ges-

83 3650 168 3716 sent,
193 3661 296 3724 neque
321 3639 498 3724 provincIae
524 3640 724 3703 facultatibus
751 3637 985 3713 sublevabatur,
1013 3659 1093 3719 quae

83 3733 184 3813 Μαι
201 3742 268 3799 erat
285 3734 442 3799 exinanita
458 3734 570 3819 partim
592 3733 740 3809 infidelis,
768 3754 870 3814 neque
893 3730 1024 3794 navibus
1047 3731 1094 3793 in-

83 3826 207 3891 aalma
224 3827 303 3891 mari
320 3827 554 3911 tempestatibus
574 3839 764 3891 commeatus
780 3838 962 3910 supportare
974 3835 1094 3909 poterat

81 3920 257 4009 stagnisque
274 3920 509 3986 difficultatibus
532 3933 658 3987 coactus
681 3944 743 3986 non
766 3934 800 3984 nt
821 3920 958 3995 volebat,
986 3918 1042 3983 sed
1059 3932 1094 3985 ut

78 4034 200 4081 necesse
217 4024 283 4080 erat
301 4014 417 4079 bellum
430 4014 567 4099 gerebat.
595 4016 638 4079 ita
652 4037 724 4079 eum
738 4014 912 4078 durissimis
927 4022 1094 4097 tempesta·

77 4106 155 4175 tibus
171 4118 299 4195 propter
315 4109 451 4193 inopiam
469 4108 596 4172 castolla
614 4120 667 4173 aut
682 4109 796 4193 oppida
810 4127 988 4191 expugnare
1002 4126 1094 4190 coge·

74 4212 164 4279 retur,
183 4202 293 4267 crebro
310 4202 506 4266 incommoda
524 4201 694 4287 accipiebat
708 4203 847 4283 adeoque
862 4211 908 4264 est
923 4222 941 4263 a
955 4197 1093 4264 barbaris

72 4304 283 4381 contemptus,
311 4306 345 4360 ut
364 4294 512 4361 Salonam
535 4319 568 4360 se
586 4297 738 4381 recipiens
761 4296 793 4358 in
811 4293 961 4379 oppidum
978 4292 1094 4357 mariti-

71 4410 172 4467 mum,
190 4390 275 4473 quod
293 4390 377 4455 ciros
396 4390 530 4454 Romani
547 4389 710 4454 fortissimi
727 4387 962 4469 fidelissimique
979 4386 1095 4451 incole-

70 4482 157 4561 bant,
175 4482 209 4548 in
225 4484 350 4571 agmine
367 4484 514 4547 dimicare
533 4484 573 4547 sit
591 4494 727 4548 coactus.
755 4505 817 4565 quo
835 4481 952 4566 proelio
970 4479 1093 4545 duobus

68 4576 198 4643 milibus
207 4576 339 4643 militum
353 4578 486 4663 amplius
501 4577 634 4654 amissis,
650 4576 880 4641 centurionibus
890 4573 1093 4648 XXXVIII,
