2738 5272
179 766 223 834 22
493 775 546 830 uu
565 773 692 831 ennae
711 771 880 831 amuco

179 904 219 969 ab
245 898 490 988 exploratoribus
513 898 625 964 certior
649 897 751 963 factus
778 907 841 976 est,
866 894 1021 961 Ariovisti
1045 893 1154 980 copias
1179 914 1197 958 a

179 996 293 1063 nostris
311 993 436 1059 milibus
454 1015 605 1078 passuum
622 1001 769 1076 quattuor
786 1002 817 1057 et
834 989 945 1077 viginti
962 987 1086 1054 abesse.

129 1113 162 1163 42
244 1088 381 1175 Cognito
399 1086 544 1151 Caesaris
566 1086 705 1151 adventu
721 1084 903 1151 Ariovistus
924 1084 1045 1170 legatos
1067 1082 1110 1148 ad
1131 1103 1199 1149 eum

180 1183 287 1250 mittit:
305 1181 390 1266 quod
407 1191 501 1246 antea
517 1180 557 1246 de
574 1179 729 1264 colloquio
746 1179 947 1266 postulasset,
963 1178 997 1243 id
1013 1199 1072 1263 per
1088 1199 1125 1242 se
1137 1176 1201 1241 fieri

180 1279 284 1354 licere,
303 1275 451 1359 quoniam
468 1275 597 1360 propius
611 1274 806 1352 accessisset,
825 1295 921 1358 seque
938 1272 972 1337 id
984 1273 1051 1338 sine
1064 1271 1201 1358 periculo

181 1376 285 1441 facere
302 1392 398 1459 posse
415 1370 601 1435 existimare.
636 1392 700 1435 non
716 1370 835 1455 respuit
853 1369 1066 1435 condicionem
1085 1367 1203 1434 Cacsar

181 1470 306 1552 iamque
329 1464 464 1532 eumad
487 1463 652 1528 sanitatem
677 1465 790 1529 reverti
815 1462 1035 1541 arbitrabatur,
1062 1485 1137 1528 cam
1161 1462 1201 1540 id,

181 1562 266 1647 quod
280 1571 373 1626 antea
385 1557 502 1646 petenti
515 1558 711 1644 denegasset,
730 1558 811 1623 ultro
823 1558 1028 1643 polliceretur,
1041 1580 1204 1643 magnam·

183 1656 294 1741 quein
313 1677 401 1740 spem
419 1651 577 1731 veniebat,
603 1674 661 1738 pro
679 1652 744 1716 suis
766 1652 860 1716 tantis
881 1651 1052 1737 populique
1069 1650 1205 1716 Romani

183 1753 214 1816 in
233 1772 305 1815 eum
324 1746 482 1813 beneficiis
505 1746 638 1832 cognitis
661 1746 726 1811 suis
748 1746 913 1830 postulatis
935 1743 1017 1822 fore,
1043 1744 1090 1809 uti
1111 1744 1206 1830 perti·

183 1844 274 1909 nasia
291 1842 463 1908 desisteret.
490 1840 557 1905 dies
576 1839 730 1924 colloquio
748 1839 849 1904 dietus
868 1848 973 1903 estex
991 1860 1029 1903 co
1046 1838 1098 1903 die
1114 1837 1206 1922 quin-

183 1953 245 2003 tus.
288 1935 412 1999 interim
435 1956 529 2019 saepe
554 1933 635 1999 ultro
661 1935 800 2018 citroque
827 1954 899 1998 eum
923 1931 1020 2018 legati
1044 1932 1127 1996 inter
1151 1952 1206 1997 eos

183 2031 389 2104 mitterentur,
416 2025 596 2092 Ariovistus
618 2029 801 2113 postulavit,
828 2049 869 2094 ne
891 2048 984 2110 quem
1006 2025 1144 2111 peditem
1166 2024 1208 2091 ad

184 2123 373 2206 colloquium
392 2119 511 2186 Caesar
532 2122 715 2187 adduceret:
742 2122 842 2187 vereri
866 2143 914 2198 se,
941 2142 982 2185 ne
1003 2141 1060 2204 per
1076 2119 1207 2183 insidias

183 2216 223 2282 ab
242 2238 280 2281 eo
297 2216 583 2280 circumveniretur:
603 2227 732 2301 uterque
750 2238 822 2281 eum
840 2217 980 2300 equitatu
993 2214 1128 2280 veniret:
1147 2213 1208 2280 alin

183 2311 302 2376 ratione
320 2331 355 2375 se
373 2331 435 2374 non
453 2332 523 2376 esse
540 2322 715 2376 venturum.
744 2310 871 2387 Caesar,
890 2310 975 2393 quod
991 2330 1095 2392 neque
1111 2307 1208 2373 collo·

184 2404 293 2487 quium
310 2404 489 2489 interposita
504 2427 600 2469 causa
613 2405 680 2469 tolli
693 2404 827 2482 volebat,
846 2425 948 2488 neque
966 2403 1098 2468 salutem
1116 2424 1208 2467 suam

186 2496 349 2564 Gallorum
367 2499 516 2582 equitatui
535 2499 727 2564 committere
745 2498 894 2575 audebat,
918 2497 1207 2564 commodissimum

186 2614 256 2657 esse
278 2593 386 2657 statuit
407 2592 551 2658 omnibus
575 2593 663 2677 equis
687 2590 788 2658 Gallis
814 2591 970 2676 equitibus
996 2591 1144 2656 detractis
1170 2611 1208 2656 eo

185 2687 372 2773 legionarios
398 2687 512 2753 milites
540 2687 673 2774 legionis
699 2687 853 2764 decimae,
881 2687 931 2751 eui
953 2708 1048 2770 quam
1070 2685 1208 2750 maxime

185 2780 375 2859 confidebat,
397 2782 570 2867 imponere,
598 2792 632 2846 ut
648 2781 839 2866 praesidium
857 2802 951 2864 quam
972 2778 1208 2856 amicissimum,

186 2874 213 2939 si
230 2875 307 2958 quid
324 2898 404 2961 opus
422 2875 506 2941 facto
525 2886 622 2952 esset,
644 2874 783 2940 haberet
827 2875 912 2957 quod
930 2896 1001 2939 cum
1019 2873 1121 2951 fieret,
1143 2894 1207 2938 non

188 2969 346 3034 inridicule
359 2970 486 3052 quidam
501 2992 540 3035 ex
554 2968 704 3034 militibus
718 2969 858 3034 decimae
870 2968 1003 3055 legionis
1016 2967 1110 3032 dixit:
1123 2965 1207 3052 plus,

184 3085 279 3145 quam
297 3064 455 3147 pollicitus
473 3076 569 3141 essct,
595 3063 765 3130 Caesarem
787 3065 905 3130 facere:
928 3063 1102 3149 pollicitum
1123 3084 1160 3127 se
1176 3062 1208 3127 in

185 3156 320 3220 cohortis
338 3158 511 3241 praetoriae
529 3159 599 3223 loco
621 3158 776 3224 decimam
798 3158 953 3245 legionem
970 3157 1152 3222 habiturum
1168 3154 1210 3221 ad

135 3272 167 3319 rs
185 3272 300 3332 equum
318 3250 496 3316 rescribere.
532 3253 682 3338 planicies
701 3264 766 3317 crat
783 3276 900 3339 magna
917 3262 948 3317 et
964 3253 997 3316 in
1014 3274 1053 3316 ea
1069 3249 1209 3315 tumulus

186 3353 325 3408 terrenus
348 3344 423 3408 satis
446 3347 584 3429 grandis.
628 3346 680 3410 hic
705 3347 793 3412 loeus
820 3369 921 3430 aequo
947 3346 1013 3410 sere
1040 3345 1142 3429 spatio
1168 3341 1209 3410 ab

189 3437 299 3502 castris
316 3435 470 3503 Ariovisti
488 3450 519 3503 et
538 3439 684 3505 Caesaris
703 3440 819 3506 aberat.
864 3462 916 3517 eo,
939 3450 974 3504 ut
996 3449 1063 3504 erat
1079 3438 1209 3515 dietum,

186 3531 228 3597 ad
244 3531 432 3615 colloquium
455 3545 616 3598 venerunt.
661 3534 819 3621 legionem
839 3533 972 3610 Caesar,
999 3554 1095 3617 quam
1117 3531 1208 3615 equis

187 3627 362 3704 devexerat,
381 3627 527 3713 passibus
541 3629 684 3694 ducentis
698 3629 738 3694 ab
754 3651 792 3694 eo
806 3628 925 3694 tumulo
939 3627 1108 3693 constituit
1134 3626 1212 3691 item

186 3721 306 3805 equites
326 3721 477 3789 Ariovisti
498 3724 566 3808 pari
583 3724 744 3789 intervallo
762 3723 975 3788 constiterunt
1020 3719 1210 3799 Ariovistus,

187 3839 227 3882 ex
244 3816 332 3900 equis
346 3827 381 3881 ut
398 3817 647 3901 colloquerentur
664 3828 695 3883 et
711 3827 833 3903 praeter
851 3817 997 3881 sedenos
1013 3824 1047 3880 ut
1061 3814 1102 3879 ad
1116 3813 1212 3879 colle-

187 3911 295 3993 quium
312 3912 510 3988 adducerent,
529 3912 706 3996 postularit.
739 3910 794 3976 ubi
811 3933 847 3976 eo
865 3919 993 3975 ventum
1012 3918 1070 3986 est,
1089 3906 1211 3974 Caesar

188 4004 275 4068 initio
289 4006 434 4070 orationis
449 4028 507 4071 sua
520 4016 709 4088 senatusque
726 4005 759 4068 in
772 4027 844 4069 eum
859 4003 1010 4068 beneficia
1023 4024 1213 4068 commemo-

188 4097 276 4173 ravit,
290 4099 374 4180 quod
383 4122 439 4163 rex
448 4099 620 4185 appellatus
630 4109 742 4164 esseta
757 4109 876 4175 senatu,
890 4098 975 4182 quod
983 4097 1113 4173 amicus,
1128 4095 1213 4179 quod

188 4211 317 4254 munera
334 4192 527 4276 amplissima
544 4194 655 4270 missa;
677 4215 772 4276 quam
789 4214 855 4256 rem
874 4203 904 4255 et
921 4191 1030 4277 paucis
1047 4189 1211 4255 hominum

188 4283 359 4368 contigisse
376 4296 407 4349 et
424 4309 480 4371 pro
498 4288 621 4373 magnis
639 4287 751 4353 officiis
769 4307 939 4351 consuesse
952 4284 1047 4350 tribui
1061 4282 1210 4361 docebat3

188 4375 285 4452 illum,
304 4398 376 4442 curn
390 4400 491 4462 neque
510 4382 628 4446 aditum
645 4404 748 4464 neque
762 4402 889 4446 eausam
903 4378 1083 4465 postulandi
1095 4378 1212 4442 iustam

188 4468 330 4548 haberet,
357 4470 507 4538 beneficio
525 4497 562 4540 ac
579 4475 762 4541 liberalitate
785 4498 843 4541 sua
860 4496 897 4540 ac
921 4483 1049 4540 senatus
1067 4494 1105 4537 ea
1121 4490 1212 4558 prae-

189 4564 253 4629 mia
268 4573 480 4631 consecutum.
525 4567 657 4635 decebat
675 4570 782 4648 edam,
800 4591 896 4654 quam
914 4578 1035 4634 veteres
1053 4585 1212 4652 quamquo
