2692 5206
417 779 536 837 couu.
554 782 606 837 111.
626 783 649 836 1.
664 783 689 836 a
996 767 1059 834 237

13 904 143 956 tatoris
153 901 281 957 oratione
292 899 457 957 continuati.
479 902 508 955 in
519 902 697 957 Thessaliam
706 900 760 956 iter
769 899 966 970 iacitCaesar3
985 902 1061 972 apud

15 979 191 1049 Aeginium
202 997 265 1034 eum
275 979 400 1034 Domitio
411 996 441 1033 se
452 979 605 1049 coniungit.
629 979 766 1050 Gomphis
780 986 810 1033 et
818 979 967 1051 Metropoli
978 996 1061 1034 occu·

17 1055 116 1125 patin
133 1057 244 1127 reliqua
262 1056 431 1111 Thessaliae
450 1057 557 1126 oppida
573 1062 686 1125 practer
704 1056 833 1110 Larisam
855 1056 881 1109 ei
904 1072 935 1111 se
953 1056 1062 1112 dedunt

20 1149 37 1185 a
56 1131 189 1187 72-81.
225 1133 352 1204 sequitur
364 1134 462 1203 Pomp.
481 1133 614 1187 adiuncto
629 1132 769 1202 Scipionis
787 1133 921 1187 exercitu.
957 1133 1061 1188 stolida

23 1224 80 1276 spe
111 1211 192 1280 quasi
211 1218 293 1280 parta
311 1212 365 1264 iam
383 1217 413 1265 et
429 1211 577 1279 explorata
594 1210 713 1265 victoria
736 1211 878 1265 exsultant
895 1210 1061 1280 Pompeiani

26 1301 43 1336 c.
68 1286 192 1341 82-83.
231 1285 393 1358 V1,Ps9ua
411 1290 446 1340 ad
462 1289 619 1340 Pharsalum
634 1304 656 1340 c.
671 1287 781 1342 84-99.
816 1287 931 1341 Laelius
950 1293 1061 1357 portum

27 1360 239 1417 andisinum
249 1364 375 1431 obsidet,
390 1364 505 1420 Cassius
514 1371 621 1434 partem
631 1365 730 1418 classis
741 1364 927 1419 Caesarianae
936 1363 1062 1418 incendit

32 1453 49 1488 c.
61 1439 219 1495 loo-101.
245 1440 363 1511 Pompei
377 1441 454 1511 fuga,
466 1441 756 1496 caedesc.102—104.
783 1439 888 1495 Caesar
896 1440 1061 1510 Pompeium

34 1514 59 1566 in
72 1516 177 1571 Asiam
186 1524 301 1573 secutus
310 1519 458 1588 pecuniam
467 1518 564 1588 templi
573 1519 717 1588 Ephesini,
729 1535 812 1589 quam
822 1518 856 1572 T.
867 1517 984 1587 Ampius
994 1517 1058 1571 sub·

37 1590 149 1647 laturus
163 1601 238 1664 erat,
258 1602 360 1650 servat.
386 1595 518 1665 prodigia
528 1597 679 1666 quaedam,
696 1613 769 1666 quac
783 1594 930 1649 victoriam
946 1599 1060 1664 porten-

42 1665 110 1723 dere
127 1671 307 1737 videbantur,
324 1678 474 1726 namnntur
491 1689 514 1725 c.
529 1672 587 1725 105.
622 1672 685 1727 VII.
704 1674 784 1725 Initia
802 1673 863 1725 belli
879 1672 1060 1725 Alexandrini.

45 1740 240 1802 Alexandriam
260 1747 338 1803 venit
356 1747 473 1816 Caesar,
495 1748 651 1802 Ptolemaei
669 1748 745 1819 regis
763 1755 792 1803 et
808 1749 975 1817 Cleopatrae
993 1763 1059 1801 con·

48 1824 194 1879 troversias
207 1841 268 1878 cum
290 1826 496 1895 compositurus
518 1833 607 1895 esset,
629 1827 776 1880 tumultum
794 1824 923 1879 Achillas
945 1825 1060 1893 excitat,

51 1892 190 1955 Caesarem
205 1902 344 1970 adoritur3
362 1909 506 1973 pugnatur
515 1904 551 1956 ad
561 1910 686 1972 portum3
705 1918 792 1956 naves
802 1900 907 1956 Cacsar
919 1900 1059 1969 incendit3

53 1969 165 2031 Pharum
173 1986 326 2048 expugnat,
337 1980 432 2049 regiae
442 1986 550 2048 partem
560 1980 655 2033 munit.
674 1979 803 2048 Arsinoe,
810 1976 1059 2033 minorPtolcmaei

56 2043 117 2122 filia,
132 2054 167 2109 ad
174 2053 317 2109 Achillam
331 2054 469 2126 confugit.
505 2055 657 2125 Pothinus,
674 2063 841 2125 procurator
853 2053 947 2125 regni,
965 2052 1058 2124 prodi·

59 2122 128 2184 lionis
136 2130 281 2185 convictus
291 2149 309 2186 a
317 2130 438 2187 Caesare
448 2130 615 2186 interficitur
628 2149 651 2186 c.
661 2132 804 2186 loo-112.

104 2206 180 2263 Haec
188 2213 271 2278 gesta
281 2214 346 2263 sunt
355 2226 380 2263 a.
390 2226 416 2262 u.
428 2225 452 2262 c.
464 2209 522 2277 706,
538 2226 564 2263 a.
574 2207 638 2262 Chr.
650 2227 677 2262 n.
686 2209 730 2263 48.

105 2388 261 2455 Dictatore
282 2389 415 2455 habente
438 2392 562 2455 comitia
585 2390 722 2457 Caesare
749 2392 892 2458 consules
915 2400 1089 2462 creantur1

63 2475 140 2549 Iulios
152 2483 273 2550 Caesar
289 2494 319 2549 et
332 2485 370 2549 P.
386 2483 551 2551 Servilius:
571 2487 598 2551 is
616 2487 698 2550 enim
717 2496 783 2550 emt
799 2509 910 2564 annus,
928 2509 990 2570 quo
1003 2509 1059 2571 pcr

62 2568 128 2662 leges
144 2578 172 2643 ei
189 2579 349 2643 consulem
367 2580 433 2644 fieri
451 2581 565 2645 liceret.
608 2580 657 2645 his
680 2580 773 2644 rebus
797 2580 960 2658 confectis,
987 2603 1058 2645 cum

62 2663 121 2737 fides
141 2684 206 2739 tota
227 2673 319 2738 Italia
341 2687 424 2740 osset
445 2676 606 2761 angustior
628 2697 729 2758 neque
751 2675 886 2739 creditae
907 2675 1058 2760 pecuniae

62 2761 241 2845 solverentur,
261 2769 433 2845 constituit,
451 2781 485 2833 ut
503 2769 609 2834 arbitri
627 2770 788 2845 darentur3
805 2790 862 2852 per
879 2790 933 2832 cos
951 2768 1060 2833 fierent

62 2860 269 2926 aestimationes
287 2863 520 2947 possessionum
539 2874 704 2938 atrorum,
723 2862 831 2946 quanti
848 2883 990 2946 quaeque
1008 2883 1059 2925 ea-

61 2968 114 3017 mn
131 2966 202 3020 ante
225 2954 341 3021 bellum
367 2956 493 3035 fuisset,
521 2967 614 3041 atque
641 2957 700 3021 hae
727 2955 931 3020 creditoribus
958 2955 1059 3019 trade-

62 3056 154 3113 ratur.
184 3049 246 3114 hoc
263 3060 294 3114 ot
311 3051 351 3113 ad
369 3051 510 3116 timorem
528 3074 678 3116 novarum
696 3049 871 3114 tabularum
889 3049 1060 3114 tollendum

62 3138 314 3227 manendumque,
332 3145 386 3227 qui
404 3144 469 3209 fere
483 3144 564 3210 bella
579 3156 609 3209 ct
623 3144 728 3208 civiles
743 3143 952 3208 dissensiones
972 3143 1060 3226 sequi

64 3237 217 3314 consuevit,
245 3248 276 3302 et
293 3238 333 3300 ad
350 3238 526 3304 debitorum
544 3239 690 3303 tuendam
714 3237 972 3302 existimationem
990 3257 1059 3301 esse

63 3328 236 3409 qussimum
255 3331 452 3396 existimavit.
497 3333 632 3416 itemque
649 3331 843 3417 praetoribus
867 3330 1060 3415 tribunisque

63 3416 142 3499 Plebis
156 3424 333 3512 rogationes
347 3427 387 3490 ad
400 3427 550 3511 populum
563 3426 733 3491 ferentibus
746 3425 910 3490 nonnullos
925 3425 1059 3490 ambitus

10 3558 15 3573 ·
64 3504 192 3603 Pompeia
208 3520 279 3606 lege
297 3520 459 3584 damnmos
481 3521 543 3585 illis
566 3521 771 3606 temporibus,
798 3519 912 3604 quibus
934 3519 967 3583 in
984 3518 1060 3583 urbo

65 3611 196 3687 maidia
211 3613 371 3700 legionum
388 3613 559 3699 Pompeius
577 3614 741 3692 habuerat,
763 3636 843 3698 quac
861 3613 974 3677 iudicia
992 3612 1060 3675 aliis

67 3701 239 3773 ledentibus
257 3707 426 3785 iudicibus,
450 3708 518 3773 aliis
537 3709 721 3773 senteutiam
739 3706 910 3772 ferentibus
929 3704 1060 3791 singulis

10 3874 12 3879 ,
69 3786 153 3867 ‘liebus
165 3811 253 3867 erant
265 3803 413 3889 perfecta,
433 3804 464 3866 in
476 3804 631 3889 integrum
645 3803 787 3879 restituit,
802 3802 856 3886 qui
870 3824 903 3866 se
916 3800 961 3864 illi
974 3799 1061 3864 initio

68 3882 144 3960 ebilis
163 3895 237 3962 belli
259 3896 448 3975 obtulerant,
475 3898 503 3963 si
525 3922 583 3963 sua
605 3920 699 3983 opera
720 3898 752 3961 in
778 3896 860 3961 bello
886 3895 931 3958 uti
957 3893 1059 3970 vellet,

68 3984 171 4059 Plinde
187 3991 366 4067 aestimans,
386 3992 467 4057 acsi
486 4015 561 4056 usus
580 4003 672 4069 essct,
691 3991 838 4075 quoniam
853 3989 900 4054 sui
914 3988 1062 4054 fecissent

69 4085 236 4151 mutem.
281 4095 430 4149 statuerat
452 4086 536 4150 enim
557 4086 642 4170 prius
665 4085 723 4149 hos
745 4084 860 4148 iudicio
882 4082 990 4168 populi
1007 4081 1061 4145 de-

69 4156 123 4267 hm
136 4178 266 4256 restitui,
293 4200 388 4262 qnam
406 4201 462 4243 suo
480 4178 630 4244 beneficio
648 4179 747 4242 videri
768 4187 924 4262 receptos,
951 4199 990 4240 nc
1008 4186 1062 4240 aut

70 4272 181 4346 ingratas
198 4271 232 4336 in
249 4272 412 4337 reserenda
433 4273 533 4358 gratia
554 4283 607 4336 aut
625 4295 773 4358 arrogans
796 4273 828 4334 in
845 4269 1061 4356 praeripiendo

70 4360 151 4441 mprli
166 4364 317 4431 beneficio
335 4366 499 4430 rideretur.
534 4367 583 4431 his
601 4366 694 4431 rebus
713 4376 743 4429 ct
764 4365 849 4429 seriis
867 4364 991 4429 Latinis
1009 4385 1061 4428 co-
1079 4378 1094 4423 2

71 4445 198 4542 mibisque
211 4459 357 4525 omnibus
370 4459 564 4544 perficiendis
578 4460 632 4523 XI
645 4461 711 4524 dies
726 4458 832 4523 tribuit
849 4460 1061 4541 dictaturaque

73 4553 97 4602 lt
116 4547 227 4619 abdicat
254 4563 286 4617 ct
308 4553 347 4616 ab
373 4552 448 4619 urbe
474 4554 679 4638 proficiscitur
700 4553 966 4638 Brundisiumque
991 4573 1062 4636 pcr-
