2738 5272
191 691 254 757 306
495 701 609 756 asam
630 701 898 757 anaxaamtmr

191 828 371 912 equitesque
391 826 419 892 C
437 826 627 908 totidemque
645 825 685 889 ab
698 825 912 891 Ariobarzane
931 828 1033 890 sumit.
1062 829 1161 892 mittit
1182 828 1222 893 P.

192 921 331 987 Sestium
348 922 389 986 ad
403 920 441 986 C.
453 918 644 984 Plaetorium
662 934 871 1002 quaestorem,
889 931 924 984 ut
941 920 1097 1006 legionem
1115 923 1223 987 addu-

190 1027 286 1092 ceret,
312 1038 393 1099 qnae
419 1038 458 1080 ex
480 1014 688 1078 tumultuariis
716 1015 866 1080 militibus
889 1016 920 1079 in
943 1015 1044 1080 Ponto
1071 1019 1224 1083 confecta

190 1122 268 1187 erat,
297 1109 511 1192 Quintumque
529 1107 682 1172 Patisium
700 1109 732 1172 iu
752 1107 894 1173 Ciliciam
918 1111 957 1173 nd
976 1111 1092 1174 auxilia
1111 1134 1222 1176 arces-

191 1204 296 1268 senda.
323 1226 404 1287 quae
421 1203 528 1288 copiae
542 1201 681 1266 celeriter
694 1225 801 1266 omues
820 1203 907 1267 iussn
923 1203 1054 1267 Domitii
1070 1203 1224 1269 Comana

141 1319 172 1364 35
191 1309 409 1364 convenerunt.
452 1297 575 1360 interim
601 1296 695 1382 legati
723 1320 742 1361 a
767 1296 930 1362 Pharnace
956 1321 1108 1382 responsa
1135 1300 1222 1363 rese·

188 1404 273 1456 runt:
293 1390 494 1477 Cappadocia
511 1412 545 1454 se
559 1390 742 1466 decessisse,
762 1390 945 1455 Armeniam
962 1393 1113 1455 minorem
1127 1414 1221 1458 recc-

189 1486 283 1570 pisse,
297 1508 391 1569 quam
404 1495 532 1570 paterno
544 1484 669 1548 nomine
681 1483 748 1548 iure
762 1484 900 1549 obtinere
914 1484 1049 1549 deberet.
1077 1486 1221 1568 denique

189 1579 256 1643 eius
274 1579 362 1665 regni
380 1601 475 1643 causa
488 1578 608 1663 integra
622 1577 750 1642 Caesari
767 1592 953 1642 servaretur:
972 1590 1116 1663 paratum
1130 1581 1220 1643 enim

190 1695 223 1737 se
242 1673 359 1749 faeere,
378 1672 461 1755 qnod
478 1671 505 1735 is
525 1671 693 1735 statuisset.
729 1669 904 1746 Domitius,
927 1695 998 1735 cum
1016 1673 1221 1737 animadver-

189 1777 266 1830 teret
283 1789 354 1830 eum
370 1764 571 1850 Cappadocia
588 1764 761 1829 decessisse
779 1788 841 1828 non
859 1765 1016 1828 voluntate
1031 1766 1219 1842 adductum,

190 1860 246 1924 sed
262 1860 458 1935 necessitate,
478 1859 562 1941 quod
581 1857 704 1922 facilius
720 1858 900 1923 Armeniam
919 1859 1086 1922 defendere
1104 1872 1221 1943 posset

189 1954 361 2018 subiectam
379 1975 475 2038 regno
494 1975 552 2016 suo
566 1974 660 2034 quam
676 1951 908 2036 Cappadociam
922 1951 1047 2037 longius
1060 1965 1220 2017 remotam

189 2047 334 2131 quodque
357 2068 463 2111 omnes
487 2056 549 2109 tres
571 2045 710 2130 legiones
733 2046 938 2109 adducturum
957 2046 1132 2109 Domitium
1158 2069 1222 2132 pu-

189 2152 299 2217 tasset3
318 2139 487 2222 exquibus
506 2161 577 2202 eum
596 2140 673 2202 duas
692 2140 732 2203 ad
748 2139 915 2203 Caesarem
930 2141 1043 2203 missas
1061 2140 1219 2216 audisset,

188 2234 336 2299 audacius
355 2234 386 2296 in
399 2232 550 2296 Armenia
568 2232 755 2309 substitisse,
774 2256 972 2317 perseverare
991 2233 1101 2317 coepit,
1122 2246 1160 2296 ut
1180 2257 1220 2297 cu

187 2350 311 2410 quoque
329 2349 425 2413 regno
442 2327 618 2391 decederet:
642 2349 743 2409 neque
762 2328 844 2390 enim
863 2327 946 2391 aliud
964 2329 1012 2391 ius
1036 2350 1107 2391 esse
1127 2327 1220 2413 Cap-

187 2423 335 2506 padociae
354 2433 445 2504 atque
464 2421 647 2495 Armeniae,
670 2444 728 2484 neo
745 2421 826 2484 iuste
844 2444 914 2485 eum
934 2421 1105 2506 postulare,
1125 2437 1164 2484 ut
1184 2423 1219 2485 iu

188 2514 333 2580 Caesaris
357 2516 523 2578 adventum
547 2537 596 2578 res
619 2516 740 2600 integra
761 2516 950 2579 differretur:
978 2517 1010 2579 id
1032 2515 1116 2579 enim
1139 2538 1218 2580 esse

187 2611 355 2694 integrum,
383 2609 465 2690 quod
484 2608 527 2672 ita
545 2619 641 2684 esset,
668 2619 703 2671 ut
721 2608 841 2672 suisset.
878 2609 926 2673 his
950 2608 1108 2693 responsis
1127 2608 1216 2672 datis

187 2726 258 2766 eum
276 2703 313 2767 iis
333 2703 439 2786 copiis,
459 2724 537 2785 quas
556 2725 650 2786 supra
669 2702 788 2786 scripsi,
808 2703 965 2786 profectus
984 2714 1032 2766 est
1048 2703 1080 2764 in
1094 2702 1219 2765 Arme-

187 2798 268 2861 niam
295 2796 434 2879 locisque
462 2796 672 2881 superioribus
696 2797 753 2859 iter
775 2798 878 2860 faeere
901 2797 1045 2861 instituit:
1072 2819 1147 2858 nam
1174 2820 1219 2860 ex

185 2890 287 2954 Ponto
306 2889 487 2954 aComauis
506 2891 614 2974 iugum
634 2890 750 2953 editum
769 2890 910 2954 silvestre
928 2901 985 2967 cst,
1004 2890 1166 2974 pertinens
1183 2891 1217 2953 in

185 2983 368 3048 Armeniam
387 2985 546 3060 minorem,
565 3006 626 3066 quo
646 2983 847 3068 Cappadocia
865 2985 970 3047 finitur
988 2983 1027 3048 ab
1040 2983 1216 3058 Armenia3

185 3078 273 3141 euius
290 3078 408 3141 itineris
427 3077 484 3141 has
502 3099 572 3142 esse
589 3090 689 3142 certas
708 3079 953 3162 opportunitates
970 3081 1054 3149 vidit,
1073 3077 1162 3158 quod
1182 3077 1216 3139 in

184 3169 260 3233 loeis
280 3170 490 3254 superioribus
508 3169 611 3233 nullus
635 3172 769 3254 impetus
792 3172 970 3255 repentinus
994 3170 1134 3234 accidere
1155 3171 1217 3234 ho-

185 3263 279 3326 stium
296 3272 426 3346 poterat,
445 3276 477 3326 et
494 3265 578 3346 quod
598 3262 799 3348 Cappadocia
817 3265 865 3327 lris
883 3265 965 3349 iugis
985 3263 1125 3327 subiecta
1143 3287 1217 3329 ma·

134 3378 166 3425 aa
184 3379 279 3441 gnam
293 3368 485 3420 commeatus
500 3358 622 3440 copiam
637 3368 701 3421 erat
717 3358 1006 3422 sumministratura.
1031 3356 1215 3441 complures

183 3450 306 3513 interim
324 3451 495 3535 legationes
509 3449 688 3515 Pharnaces
707 3452 746 3515 ad
760 3451 934 3515 Domitium
953 3452 1055 3527 mittit,
1074 3472 1156 3532 quae
1173 3453 1216 3515 de

182 3565 259 3628 paee
282 3556 409 3629 agerent
431 3545 579 3629 regiaque
602 3567 731 3608 munera
748 3544 888 3609 Domitio
912 3547 1036 3608 ferrent.
1073 3566 1111 3606 ea
1134 3565 1216 3607 con-

184 3649 301 3702 stanter
322 3639 426 3702 omnia
448 3638 673 3723 aspernabatur
695 3662 752 3702 nec
775 3639 834 3702 sibi
858 3640 1024 3722 quicquam
1042 3638 1109 3700 fure
1128 3639 1215 3701 anti-

183 3730 275 3814 quius
293 3754 387 3814 quam
405 3731 588 3817 dignitatem
606 3732 713 3817 populi
731 3732 865 3795 Romani
884 3743 914 3795 et
936 3755 1033 3815 regua
1050 3731 1214 3794 sociorum

183 3824 353 3909 reciperare
371 3825 483 3910 legatis
501 3825 718 3909 respondebat.
756 3826 878 3910 magnis
897 3840 927 3888 et
946 3824 1099 3889 continuis
1118 3824 1215 3888 itinc-

182 3917 268 3981 ribus
287 3919 437 3983 consectis
456 3941 526 3983 oum
546 3920 728 3984 adventaret
746 3921 785 3984 ad
804 3919 993 4004 Nicopolim,
1017 3918 1100 4000 quod
1120 3920 1215 4003 oppi-

183 4012 257 4075 dum
279 4014 415 4096 positum
438 4014 470 4076 in
492 4012 644 4077 Armenia
666 4015 785 4077 minore
812 4025 861 4077 est
887 4013 980 4097 plano
1007 4014 1111 4096 ipsum
1138 4011 1214 4076 loco

183 4106 340 4171 montibus
363 4118 467 4171 tamen
489 4107 560 4170 altis
583 4107 622 4170 ab
650 4106 772 4171 duobus
800 4106 947 4171 lateribus
974 4105 1103 4170 obiectis
1131 4107 1213 4170 satis

183 4220 298 4283 magno
316 4199 477 4264 intervallo
496 4199 535 4264 ab
554 4202 670 4285 oppido
693 4201 835 4277 remotis,
867 4212 968 4265 eastra
990 4199 1093 4283 posuit
1112 4197 1213 4284 louge

183 4314 202 4353 a
219 4290 361 4376 Nicopoli
380 4295 501 4357 circitor
519 4294 604 4358 milia
620 4317 771 4380 passuum
791 4294 868 4358 Vll.
905 4293 1018 4377 quibus
1037 4315 1075 4354 ex
1095 4294 1213 4358 eastris

183 4406 254 4446 curn
276 4384 363 4450 loeus
386 4400 539 4473 angustus
563 4400 656 4471 atque
682 4389 849 4472 impeditus
877 4401 960 4452 esset
986 4386 1212 4464 transeundus

182 4475 361 4544 Pharnaces
389 4482 422 4544 in
448 4481 568 4545 insidiis
595 4482 731 4546 delectos
758 4482 877 4566 pedites
905 4500 1075 4562 omnesque
1106 4501 1213 4563 paene
