2692 5206
474 745 601 802 cucur
620 744 738 799 en-at.
1056 730 1120 798 349

126 870 249 935 onerariis
268 868 438 956 profectae,
458 891 529 932 cum
545 869 608 932 iam
625 891 687 932 non
705 867 798 953 longe
816 891 835 932 a
851 879 943 953 portu
960 867 1120 957 Ruspinae

127 956 257 1040 abessem,
277 963 472 1048 conspicatae
492 960 697 1028 Caesarianas
715 984 821 1038 naves,
841 985 921 1045 quae
938 964 971 1027 in
990 965 1121 1029 statione

125 1056 190 1134 apud
206 1057 367 1141 Thapsum
385 1055 517 1133 stabant,
537 1056 634 1132 veriti,
653 1078 691 1120 ne
710 1052 742 1119 in
760 1055 1005 1120 adversariorum
1023 1068 1057 1121 ut
1074 1058 1122 1121 in-

124 1142 236 1214 sidiandi
253 1151 355 1236 gratia
372 1149 414 1214 ibi
433 1150 688 1214 commorantium
707 1148 839 1213 classem
857 1149 1041 1228 inciderent,
1064 1151 1122 1214 im·

118 1241 270 1317 prudentes
301 1242 371 1307 vela
405 1243 437 1306 in
469 1242 565 1306 altum
596 1243 746 1306 dederunt
777 1264 813 1305 ac
844 1241 897 1306 diu
927 1243 1122 1327 multumque

114 1327 209 1399 iactati
231 1337 355 1401 tandem
379 1336 483 1400 multis
506 1345 578 1421 post
599 1334 710 1399 diebus
733 1335 784 1399 siti
806 1336 971 1420 inopiaque
989 1337 1122 1402 confecti

109 1423 140 1485 td
158 1425 330 1493 Caesarem
348 1429 541 1514 perveniunt.
568 1428 682 1513 quibus
700 1427 876 1514 legionibus
894 1430 1043 1514 expositis
1057 1453 1122 1495 me·
1141 1455 1171 1500 ut

106 1535 169 1582 mor
189 1524 324 1587 initalia
340 1524 487 1609 pristinae
504 1523 645 1588 licentiae
663 1523 803 1587 militaris
816 1545 854 1587 ae
866 1524 1043 1608 rapinarum
1057 1547 1123 1590 cer-

106 1616 205 1680 torum
222 1618 382 1682 hominum
399 1617 561 1702 parvulam
579 1617 672 1682 modo
691 1615 850 1681 causulam
868 1628 978 1682 nactus
993 1615 1121 1697 Caesar,

106 1709 190 1784 {uod
207 1709 243 1776 C.
258 1711 409 1786 Avienus,
430 1710 570 1774 tribunus
588 1710 721 1773 militum
739 1709 775 1772 X
792 1710 933 1795 legionis,
951 1734 1063 1776 navem
1082 1735 1121 1777 ex

106 1816 278 1868 ammenta
296 1803 415 1867 familia
433 1827 490 1867 sua
508 1816 600 1887 atque
618 1804 762 1868 iumentis
785 1804 1000 1888 occupavisset
1021 1827 1122 1889 neque

106 1887 233 1961 ailitem
251 1920 346 1960 unum
364 1896 403 1960 ab
424 1895 531 1962 Sicilie
549 1897 740 1974 sustulisset,
764 1907 889 1982 postero
912 1898 962 1963 tlie
984 1899 1023 1962 de
1047 1920 1122 1986 sug-

106 1998 199 2064 gestu
224 1991 402 2055 convocatis
429 1991 567 2054 emnium
594 1991 752 2077 legionum
781 1990 911 2056 tribunis
938 1992 1123 2057 centurioni-

106 2094 238 2179 {118que,
258 2085 407 2148 ‘maxime
424 2085 560 2160 vellem‚’
582 2084 695 2168 inquit,
716 2085 870 2150 ‘homines
889 2109 964 2150 suae
981 2087 1123 2173 petulan-

106 2184 162 2234 uae
181 2178 353 2261 nimiaeque
367 2178 517 2242 libertatis
531 2179 697 2261 aliquando
706 2178 799 2243 finem
813 2178 962 2245 fecissent
973 2202 1123 2265 meaeque

106 2256 248 2348 lenitatis,
267 2271 437 2336 modestiae
451 2271 678 2357 patientiaeque
691 2274 840 2337 rationem
853 2273 1044 2338 habuissent.
1068 2273 1124 2339 sed

106 2365 250 2433 quomam
272 2365 332 2450 ipsi
354 2365 415 2429 sibi
437 2388 537 2449 neque
559 2367 685 2430 modurn
703 2388 803 2450 neque
826 2367 991 2431 terminum
1009 2368 1124 2433 consti-

106 2452 204 2536 tuunt,
222 2482 283 2543 quo
301 2460 396 2524 ceteri
412 2460 603 2524 dissimiliter
621 2483 655 2523 se
672 2473 791 2546 gerant,
811 2472 935 2546 egomet
947 2462 1015 2546 ipse
1028 2463 1125 2527 docu-

107 2557 241 2617 mentum
264 2576 350 2618 more
372 2554 498 2617 militari
520 2555 715 2618 constituam.
761 2552 799 2619 C.
824 2554 959 2631 Avieno,
986 2555 1071 2638 quod
1091 2554 1124 2618 in

108 2624 197 2711 1talia
212 2646 323 2713 milites
342 2646 449 2732 populi
462 2647 597 2711 Romani
615 2660 720 2712 contra
732 2647 955 2732 rempublicam
968 2647 1124 2733 instigasti

109 2736 288 2824 rttltinasque
318 2762 375 2825 per
404 2741 574 2825 municipia
603 2739 706 2805 fecisti
737 2741 882 2823 quodque
913 2740 989 2804 mihi
1018 2741 1124 2824 reique

108 2827 245 2900 Publicae
263 2834 379 2899 inutilis
398 2833 486 2899 fuisti
504 2846 534 2898 et
556 2857 613 2920 pro
633 2834 782 2900 militibus
801 2845 886 2898 tuam
910 2833 1059 2898 familiam
1076 2834 1124 2898 iu·
1230 2892 1233 2898 .

109 2927 267 3012 manuque
281 2928 313 2991 in
328 2950 423 2992 naves
439 2929 625 3013 imposuisti,
644 2940 759 3012 tuaque
773 2950 866 3014 opera
884 2926 1034 2992 militibus
1048 2939 1126 2992 tem-

106 3016 179 3091 iltre
198 3020 374 3086 necessario
395 3021 573 3106 respublica
596 3032 693 3099 earet,
722 3021 762 3086 ob
789 3044 842 3086 eas
864 3044 914 3085 res
936 3021 1125 3107 ignominiae

107 3121 200 3179 brusa
225 3114 265 3179 ab
291 3115 429 3178 exercitu
451 3137 521 3178 meo
547 3126 577 3178 te
603 3138 749 3180 removeo
775 3115 928 3198 hodieque
955 3137 994 3179 ex
1015 3114 1126 3179 Africa

106 3203 215 3273 abesse
232 3219 263 3272 et
281 3219 431 3292 quantum
449 3220 521 3292 pote
538 3209 693 3293 proficisci
706 3208 807 3274 iubeo.
835 3210 970 3294 itemque
983 3219 1023 3286 te,
1041 3209 1125 3273 Aule

106 3287 229 3379 Fontei,
256 3303 341 3387 quod
359 3302 501 3366 tribunus
524 3303 656 3367 militum
679 3304 845 3368 seditiosus
868 3304 1030 3387 malusque
1048 3302 1126 3368 civis

106 3394 204 3473 fuisti,
223 3405 253 3460 te
271 3395 311 3460 ab
329 3396 467 3460 exercitu
485 3396 615 3460 dimitto.
661 3397 732 3461 Tite
752 3396 891 3474 Saliene,
910 3397 957 3462 M.
977 3397 1066 3474 Tiro,
1087 3395 1125 3462 C.

106 3488 267 3567 Clusiuas,
291 3512 362 3554 cum
380 3491 503 3554 ordines
521 3490 553 3554 iu
571 3513 641 3554 meo
659 3492 795 3555 exercitu
819 3492 968 3557 beneficio
985 3513 1048 3555 non
1065 3491 1127 3553 vir-

106 3593 169 3649 tute
186 3584 347 3647 consecuti
364 3584 407 3647 ita
424 3607 480 3648 vos
498 3584 672 3669 gesseritis,
691 3594 725 3647 ut
742 3606 843 3667 neque
860 3584 942 3649 bello
960 3583 1055 3648 fortes
1073 3605 1127 3645 ne-

106 3698 165 3762 que
182 3697 262 3762 pace
280 3676 355 3741 boni
373 3688 427 3741 aut
444 3677 535 3741 utiles
550 3677 670 3741 fueritis
685 3688 716 3741 et
729 3678 830 3761 magis
845 3678 876 3740 in
890 3677 1040 3741 seditione
1054 3698 1127 3740 con-

106 3770 300 3854 nitandisque
313 3771 463 3835 militibus
478 3771 644 3835 adversum
653 3782 792 3836 vestrum
806 3772 1023 3856 imperatorem
1032 3792 1126 3853 quam

106 3864 233 3952 pudoris
256 3866 487 3948 modestiaeque
509 3865 630 3930 fueritis
653 3867 869 3944 studiosiores,
897 3866 1042 3950 indignos
1069 3886 1127 3929 vos

106 3981 174 4026 esse
192 3958 334 4036 arbitror,
353 3959 456 4042 quiin
474 3982 544 4023 meo
563 3961 700 4024 exercitu
718 3962 842 4025 ordines
860 3960 980 4024 ducatis
998 3959 1128 4023 missos-

106 4074 164 4137 que
183 4050 266 4117 faeio
283 4063 315 4115 et
332 4064 482 4135 quantum
499 4063 572 4137 pote
586 4052 697 4118 abesse
712 4076 752 4118 ex
765 4053 876 4118 Africa
889 4051 1001 4117 iubeo?
1022 4051 1127 4135 itaque

106 4146 198 4211 tradit
215 4167 269 4210 eos
293 4146 524 4211 centurionibus
547 4159 578 4210 ct
601 4147 732 4233 singulis
754 4171 817 4212 non
835 4146 968 4230 amplius
987 4145 1127 4231 singulos

108 4239 227 4306 additos
247 4263 352 4305 servos
371 4241 402 4305 in
420 4264 531 4305 navem
549 4242 753 4326 imponendos
773 4243 938 4327 separatim
956 4241 1084 4305 curavit.

170 4331 298 4400 Gaetuli
315 4335 437 4398 interim
455 4336 620 4421 perfugae,
645 4358 724 4419 quos
743 4358 814 4400 eum
832 4335 940 4400 litteris
958 4334 1128 4399 mandatis·
1145 4355 1178 4402 aa

113 4445 166 4509 que
183 4451 204 4493 a
216 4427 353 4494 Caesare
372 4429 484 4493 missos
504 4452 598 4514 supra
615 4430 786 4505 docuimus,
805 4429 845 4492 ad
864 4452 938 4493 suos
957 4429 1041 4494 cives
1057 4450 1128 4515 per-

115 4523 243 4587 veniunt.
288 4545 419 4607 quorum
448 4525 628 4588 auctoritate
655 4523 746 4587 facile
773 4524 898 4588 adducti
922 4522 1128 4606 Caesarisque
