2692 5206
396 797 513 857 comt
529 800 597 858 1111.
614 801 734 858 22-26.
1031 789 1074 855 65

47 925 91 992 ad
118 923 344 1012 egrediendum
368 945 565 1008 nequaquam
591 924 737 990 idoneum
766 925 869 990 locum
895 924 1071 1003 arbitratus,

48 1019 127 1084 dum
143 1019 284 1103 reliquae
301 1040 397 1083 naves
419 1040 457 1084 eo
478 1019 694 1097 convenirent,
720 1019 761 1084 ad
782 1019 891 1084 horam
907 1041 1023 1086 nonam
1039 1021 1073 1084 in

48 1114 175 1179 suenus
197 1113 399 1199 exspectavit.
443 1113 567 1178 interim
587 1113 699 1200 legatia
722 1113 914 1198 tribunisque
940 1115 1073 1179 militum

49 1207 234 1273 convocatis
255 1216 288 1272 et
308 1228 389 1291 quae
410 1229 450 1272 ex
468 1206 628 1273 Voluseno
651 1219 830 1294 cognosset,
857 1219 888 1273 et
909 1231 990 1293 quae
1006 1209 1074 1273 fieri

50 1301 161 1380 vellet,
181 1300 318 1366 ostendit
334 1301 530 1385 monuitque,
552 1311 589 1367 ut
604 1303 651 1367 rei
666 1302 807 1367 militaris
824 1302 917 1380 ratio,
939 1302 1073 1367 maxime

51 1406 87 1461 nt
103 1395 290 1461 maritumae
305 1416 356 1460 res
367 1395 569 1480 postularent,
589 1407 715 1480 atquae
729 1396 860 1461 celarem
873 1406 966 1480 atque
979 1396 1076 1462 insta·

53 1488 149 1555 bilem
166 1499 287 1554 motum
303 1487 462 1566 haberent,
480 1490 521 1554 ad
537 1500 648 1554 nutum
666 1500 697 1554 et
713 1489 754 1555 ad
768 1499 890 1574 tempus
903 1512 1011 1554 omnes
1024 1513 1074 1555 res

55 1582 95 1649 ab
111 1583 151 1649 iis
168 1583 465 1648 administrarentur.
495 1583 544 1648 his
561 1584 700 1649 dimissis
718 1595 749 1650 et
765 1594 892 1647 ventum
910 1593 942 1647 et
954 1594 1075 1648 aestum
1128 1650 1131 1656 ,

56 1700 118 1743 une
134 1686 274 1762 tempore
291 1687 401 1742 nactus
424 1678 596 1742 secuudum
613 1678 686 1743 dato
708 1677 799 1763 signo
821 1688 851 1741 et
873 1677 1003 1742 sublatis
1020 1700 1076 1742 an·

60 1770 136 1837 soris
152 1772 274 1835 circiter
290 1770 376 1835 milia
391 1792 542 1855 passuum
555 1782 675 1857 septem
694 1771 734 1836 ab
752 1793 791 1836 eo
807 1771 876 1836 loco
888 1792 1074 1856 progressus

63 1878 162 1949 aperto
179 1885 217 1929 ae
234 1864 329 1949 plano
345 1863 434 1929 litore
452 1888 548 1931 naves
567 1866 734 1931 constituit.
761 1876 793 1930 at
805 1864 930 1930 barbari
947 1864 1076 1931 consilio
1094 1884 1126 1932 ss

65 1957 269 2023 Romanorum
286 1958 411 2043 cognito
427 1958 599 2043 praemisso
617 1959 755 2044 equitatu
773 1970 804 2024 et
817 1958 994 2035 essedariis,
1013 1980 1076 2043 quo

69 2051 239 2137 plerumque
256 2073 370 2137 genere
387 2052 419 2116 in
436 2053 561 2137 proeliis
583 2053 629 2117 uti
647 2062 849 2128 consuerunt,
875 2051 1002 2136 reliquis
1024 2074 1077 2117 co·

72 2144 121 2229 piis
140 2143 299 2211 subsecuti
320 2155 442 2210 nestros
464 2145 598 2211 navibus
620 2146 727 2233 egredi
751 2143 966 2231 prohibebant.
1010 2156 1077 2210 erat

76 2236 109 2303 ob
121 2238 174 2303 has
191 2260 303 2304 causas
322 2262 445 2304 summa
461 2239 638 2317 difficultas,
657 2240 741 2324 quod
757 2261 854 2305 naves
867 2249 993 2325 propter
1009 2262 1077 2303 ma·

79 2332 253 2416 guiardinem
272 2333 334 2397 nisi
355 2333 472 2398 inulto
494 2334 639 2398 constitui
660 2356 723 2399 non
744 2344 899 2421 poterant,
926 2333 1076 2399 militibus

80 2436 164 2491 autem
186 2427 302 2514 ignotis
328 2426 419 2505 locis,
446 2427 602 2512 impeditis
624 2429 767 2493 manibus
790 2451 906 2514 magno
932 2437 963 2492 et
987 2427 1077 2514 gravi

82 2540 215 2586 amorum
232 2544 326 2587 onere
343 2522 500 2607 oppressis
519 2522 612 2587 simul
629 2534 660 2587 et
673 2523 712 2587 de
725 2522 857 2588 navibus
872 2522 1077 2587 desiliendum

83 2614 302 2681 stinfluctibus
321 2615 553 2680 consistendum
570 2627 601 2681 et
618 2639 689 2681 curn
702 2616 844 2682 hostibus
858 2627 924 2681 emt
936 2638 1078 2702 pugnan-

83 2704 147 2785 dum,
163 2732 233 2775 eum
247 2710 292 2773 illi
305 2718 359 2773 aut
373 2732 412 2773 ex
426 2710 512 2774 arido
526 2721 580 2775 aut
592 2711 720 2796 paulurn
737 2712 771 2774 in
788 2733 901 2793 aequam
920 2708 1078 2794 progressi

83 2802 203 2869 omnibus
220 2803 369 2869 membris
387 2804 553 2889 expeditis,
571 2804 742 2870 notissimis
758 2804 835 2868 locis
853 2804 999 2868 audacter
1016 2800 1079 2866 tela

84 2896 234 2963 cedeerent
256 2908 288 2963 et
305 2920 401 2981 equos
423 2898 614 2964 insuefactos
636 2898 808 2963 incitarent
852 2897 966 2980 quibus
983 2895 1078 2961 rebus

84 2991 160 3055 sahi
178 2991 332 3077 perterriti
353 3001 446 3075 atque
467 2992 559 3058 huius
582 2993 709 3057 omnino
730 2992 853 3078 generis
876 3012 1000 3076 pugnae
1021 2989 1079 3052 im-

85 3083 154 3163 periti
168 3108 230 3151 non
247 3085 357 3149 eadem
374 3085 532 3151 alacritate
550 3109 587 3151 ae
605 3086 721 3165 studio,
749 3108 810 3169 quo
832 3087 865 3149 in
882 3082 1079 3170 pedestribus

85 3174 119 3238 ai
130 3178 247 3261 proeliis
264 3190 460 3257 consuerant,
478 3179 664 3245 nitebantur.
701 3181 785 3264 quod
803 3178 858 3243 ubi
876 3177 996 3244 Caesar
1012 3175 1078 3241 ani·
1096 3193 1129 3240 ‘rs

85 3270 238 3350 mdrertit,
269 3294 367 3338 naves
396 3273 522 3360 longas,
554 3296 686 3357 quarum
713 3284 744 3338 et
770 3273 890 3358 species
917 3282 983 3337 erat
1008 3269 1080 3337 bar·

86 3357 150 3429 laris
164 3365 337 3431 inusitatior
353 3376 385 3431 et
401 3379 504 3432 motus
523 3369 564 3437 ad
581 3391 673 3433 usum
687 3369 868 3454 expeditior,
885 3367 1015 3452 paulum
1032 3388 1080 3430 re-

86 3459 179 3524 moveri
199 3458 240 3525 ab
260 3461 408 3525 onerariis
430 3462 563 3528 navibus
586 3472 617 3527 et
633 3462 727 3527 remis
745 3462 866 3526 incitari
887 3472 919 3526 et
940 3459 1079 3525 adlatus

86 3560 202 3632 ipertum
218 3552 357 3619 hostium
374 3556 520 3620 constitui
537 3566 630 3640 atque
647 3557 720 3620 inde
733 3556 850 3632 fundis,
868 3554 1000 3640 sagittis,
1019 3564 1081 3617 tor·

86 3644 175 3711 mans
185 3646 292 3712 hostes
306 3648 436 3733 propelli
449 3671 486 3713 ac
495 3648 673 3714 submoveri
686 3650 790 3727 iussit3
809 3671 951 3733 quaeres
965 3668 1080 3731 magno

87 3737 140 3802 vui
152 3741 263 3807 noshis
280 3741 350 3806 suit.
376 3767 450 3808 nam
467 3755 498 3808 et
515 3744 643 3808 navium
659 3743 762 3830 figura
778 3755 809 3807 ct
826 3765 981 3808 remorum
994 3752 1081 3804 motu

86 3829 261 3901 enatato
282 3858 396 3923 genere
419 3848 641 3903 tormentorum
662 3838 794 3923 permoti
816 3836 941 3903 barbari
966 3834 1081 3899 consti-

10 3952 12 4003 t
87 3928 167 3992 lffflnt
181 3951 219 3995 ac
234 3930 364 4016 paulum
381 3934 475 3996 modo
496 3933 610 4017 pedem
627 3932 806 3997 retulerunt.
851 3942 945 4015 atque
966 3929 1081 3994 nostris

10 4010 14 4075 l
86 4014 209 4087 ulfilas
226 4024 456 4102 cunctantibus,
475 4026 610 4091 maxime
626 4036 752 4111 propter
768 4025 963 4090 altitudinem
976 4022 1081 4100 maris,

85 4110 269 4190 tddoeimas
281 4117 414 4205 legionis
432 4121 569 4203 aquilam
587 4120 716 4197 ferebat,
735 4130 927 4184 contestatus
941 4119 1027 4195 deos,
1046 4125 1082 4181 ut

85 4220 114 4267 fl
125 4230 169 4274 res
185 4210 302 4298 legioni
319 4213 451 4278 feliciter
467 4213 618 4279 eveniret:
638 4213 796 4291 ‘desilite,’
814 4213 922 4297 inquit,
943 4212 1080 4288 ‘milites,

10 4332 15 4357 ε
84 4295 130 4363 lbi
144 4303 231 4370 vultis
249 4306 387 4389 aquilam
404 4307 546 4372 hostibus
564 4308 707 4392 prodere:
727 4330 786 4393 ego
805 4319 886 4371 certe
904 4329 1010 4371 meum
1022 4305 1083 4371 rei-

12 4436 17 4449 ·
83 4389 203 4473 pellitae
219 4408 316 4483 atque
333 4399 511 4485 imperatori
529 4402 668 4466 officium
686 4401 887 4486 praestitero?
930 4400 991 4465 hoe
1008 4422 1080 4465 cum

83 4502 177 4573 mgna
191 4514 269 4558 voce
286 4493 432 4573 dixisset,
460 4517 494 4560 se
512 4518 551 4559 ex
568 4496 642 4560 navi
664 4496 792 4580 proiecit
814 4506 908 4579 atque
924 4496 958 4559 in
975 4494 1080 4559 hostes

81 4581 198 4663 trullam
217 4586 301 4653 serre
322 4589 433 4674 eoepit.
477 4599 544 4655 tum
565 4590 664 4656 nostri
685 4590 836 4656 cohortati
862 4591 942 4654 inter
967 4610 1015 4665 se,
1041 4608 1082 4652 ns

121 4679 180 4729 tera
189 4686 281 4733 Caesar.
895 4688 913 4740 ἶ)
