2692 5206
450 776 567 836 COMM.
586 780 621 837 V.
638 780 758 836 32-37.
1068 769 1111 836 85

83 904 237 993 praedam
258 912 353 987 atque
374 901 436 969 illis
457 904 623 981 reservari,
649 925 864 988 quaecumque
881 904 1017 971 Romani
1037 905 1109 971 reli·

84 1001 243 1085 quissent:
269 997 399 1083 proinde
420 997 525 1062 omnia
549 996 582 1060 in
603 997 733 1064 victoria
759 1000 862 1084 posita
886 999 1107 1066 existimarent.

84 1103 175 1159 erant
192 1101 225 1157 et
240 1092 355 1158 virtute
372 1101 404 1156 et
420 1111 549 1157 numero
568 1092 738 1178 pugnando
752 1115 842 1178 pares
855 1093 966 1172 nostri;
984 1095 1109 1160 tametsi

84 1186 127 1253 ab
149 1187 231 1252 duee
253 1196 284 1250 et
305 1208 325 1250 a
345 1184 471 1250 fortuna
489 1184 724 1264 deserebantur,
752 1196 857 1251 tamen
878 1208 1001 1252 omnem
1020 1210 1109 1274 spem

85 1279 199 1347 salutis
220 1280 255 1344 in
274 1279 389 1344 virtute
410 1277 582 1365 ponebant,
611 1289 642 1344 et
663 1279 807 1364 quotiens
829 1301 972 1364 quaeque
997 1281 1108 1347 cohors

84 1383 291 1461 procura-erat,
310 1372 350 1439 ab
364 1394 403 1437 ea
414 1383 502 1458 parte
515 1396 650 1459 magnus
663 1374 800 1438 hostium
809 1395 957 1440 numerus
967 1374 1108 1440 cadebat.

85 1492 152 1554 qua
167 1490 204 1535 re
219 1468 436 1534 animadversa
450 1467 615 1534 Ambiorix
629 1469 822 1555 pronuntiari
835 1469 931 1548 iubet,
949 1480 985 1534 ut
1001 1470 1109 1555 procul

85 1562 151 1628 tels
171 1563 326 1628 coniciant
346 1584 409 1627 neu
429 1562 557 1648 propius
580 1563 730 1627 accedant
751 1573 796 1641 et,
823 1586 918 1647 quam
939 1563 972 1628 in
989 1573 1109 1649 partem
1182 1647 1185 1652 1

83 1656 224 1722 Romani
240 1657 392 1742 impetum
408 1656 547 1733 fecerint,
566 1657 680 1722 cedant
693 1658 831 1740 (levitate
844 1680 1001 1723 armorum
1014 1667 1046 1723 et
1058 1680 1111 1724 co-

85 1750 209 1815 tidiana
223 1749 442 1816 exercitatione
463 1750 541 1814 nihil
557 1750 596 1815 iis
619 1751 725 1815 noceri
741 1753 863 1836 posse),
886 1772 994 1816 rursus
1018 1773 1052 1816 se
1069 1751 1111 1816 ad

86 1843 182 1951 signa
197 1843 381 1928 recipientes
399 1843 610 1928 insequantur.
654 1866 717 1928 ι]ιιο
738 1855 905 1931 praecepto
922 1844 963 1910 ab
984 1844 1023 1910 iis
1041 1845 1110 1909 dili-
1128 1866 1160 1914 ³5

84 1935 274 2023 gentissime
290 1934 436 2001 observat
423 1947 470 2014 to,
498 1959 570 2002 cum
587 1937 753 2023 quaepiam
771 1938 882 2003 cohors
905 1960 945 2003 ox
963 1937 1038 2004 orbe
1055 1961 1110 2003 ex·

86 2038 227 2106 cesserat
242 2038 336 2113 atque
353 2030 504 2115 impetum
522 2032 651 2109 fecerat,
679 2031 786 2097 hostes
808 2032 1005 2098 velocissime
1026 2032 1111 2098 refu-

84 2121 225 2209 giebant
268 2123 393 2188 interim
415 2145 483 2188 earn
490 2136 629 2232 'partem
649 2125 761 2190 nudari
782 2147 911 2191 neccsse
933 2135 999 2190 crat
1021 2136 1052 2190 et
1069 2125 1110 2191 ab

84 2216 183 2283 latere
201 2226 311 2325 aperto
325 2217 389 2282 tela
403 2217 510 2303 recipi.
538 2240 656 2297 rursus,
675 2241 746 2284 cum
763 2219 797 2283 in
809 2241 881 2285 eum
894 2219 1008 2298 locum,
1025 2220 1109 2285 unde

85 2320 175 2375 erant
193 2310 327 2397 egressi,
348 2310 463 2376 reverti
480 2321 659 2397 coeperant,
684 2323 715 2378 et
732 2311 810 2377 ab”
789 2336 842 2391 ns,
869 2313 924 2397 qui
941 2323 1108 2389 cesserant,

85 2412 119 2469 et
135 2402 177 2469 ab
194 2404 250 2482 iis,
275 2404 331 2487 qui
351 2404 486 2489 proximi
509 2414 670 2484 steterant,
698 2404 1032 2484 circumveniebantur:
1059 2407 1109 2471 sin

86 2506 195 2563 autem
211 2497 317 2562 locum
334 2508 439 2563 tenere
456 2496 585 2576 vellent,
607 2521 666 2563 nec
682 2500 788 2564 virtuti
805 2500 892 2565 loeus
914 2499 1110 2585 relinqueba-

87 2604 147 2669 tur,
164 2612 269 2675 neque
281 2589 321 2655 ab
336 2600 421 2656 tanta
434 2591 630 2656 mrdtitudine
643 2593 783 2658 coniecta
796 2593 857 2658 tela
868 2592 1000 2658 conserti
1011 2593 1108 2657 vitare

85 2694 240 2770 poterant.
276 2693 381 2749 tamen
399 2695 443 2749 tot
460 2685 666 2751 incommodis
684 2686 859 2764 conflictati,
878 2685 983 2750 multis
1001 2685 1110 2749 vulne-

84 2776 174 2844 ribus
193 2778 329 2863 acceptis
346 2779 533 2844 resistebant
550 2788 582 2844 et
598 2803 714 2866 magna
730 2791 818 2865 parte
835 2780 897 2844 diei
915 2787 1109 2862 consumpta,

86 2894 161 2937 cum
182 2872 321 2959 aprima
341 2872 412 2937 luce
433 2873 474 2938 ad
495 2873 605 2938 horam
626 2884 769 2939 octavam
791 2882 995 2960 pugnaretur,
1022 2871 1108 2948 nihil,

86 2965 174 3049 quod
190 2965 267 3051 ipsis
286 2977 369 3031 esset
386 2967 559 3054 indignum,
579 2967 821 3033 committebant.
862 2977 928 3031 tum
946 2966 1019 3031 Tito
1035 2965 1111 3030 Bal-

86 3059 208 3138 ventio,
234 3061 289 3144 qui
311 3061 469 3146 superiore
491 3084 573 3126 anno
593 3063 729 3147 primum
750 3061 849 3147 pilum
871 3061 1016 3137 duxerat,
1042 3059 1110 3123 viro

86 3152 161 3219 sorti
178 3162 211 3218 et
227 3176 361 3240 magnac
378 3156 578 3233 auctoritatis,
596 3167 762 3240 utrumque
780 3154 882 3219 femur
898 3152 1021 3240 tragula
1037 3152 1111 3217 trai-

85 3247 183 3325 citur:
206 3244 343 3330 Quintus
360 3249 536 3328 Lucanius,
555 3250 696 3315 eiusdem
713 3248 844 3326 ordinis,
866 3247 1036 3314 fortissime
1053 3269 1111 3332 pu-

85 3364 201 3428 gnans,
219 3342 295 3407 dum
304 3343 515 3409 circumvento
523 3343 588 3408 filio
603 3343 757 3421 subvenit,
776 3341 970 3420 interficitur:
987 3342 1110 3406 Lucius

87 3433 186 3501 Cotta
209 3434 332 3521 legatus
359 3459 467 3502 omnes
493 3437 636 3502 cohortes
666 3437 852 3520 ordinesque
878 3436 1045 3500 adhortans
1077 3435 1110 3498 in

87 3526 260 3593 adversum
277 3552 313 3595 os
330 3529 429 3594 funda
446 3530 632 3596 vulneratur.
659 3531 709 3595 his
727 3528 820 3594 rebus
833 3540 993 3615 permotus
1009 3527 1110 3609 Quin-
1128 3548 1160 3596 ss

87 3634 140 3687 tus
158 3621 314 3701 litorius,
341 3646 413 3688 cum
434 3624 545 3710 procul
561 3623 779 3710 Ambiorigem
802 3646 875 3688 suos
898 3622 1111 3688 cohortantem

87 3716 321 3802 conspexisset,
355 3718 553 3804 interpretem
584 3741 676 3784 suum
703 3716 829 3783 Gneum
854 3715 1042 3802 Pompeium
1072 3715 1113 3778 ad

179 3810 274 3875 mittit
290 3822 448 3898 rogatum,
467 3831 502 3877 ut
519 3811 579 3878 sibi
596 3810 809 3895 militibusque
827 3822 943 3897 parcat.
987 3808 1039 3873 ille
1057 3830 1113 3893 ap-

89 3904 225 3990 pellatus
238 3907 413 3992 respondit:
432 3907 460 3972 si
473 3906 548 3972 velit
562 3929 669 3972 secum
688 3906 832 3989 colloqui,
851 3905 958 3983 licere:
978 3925 1111 3989 sperare,

90 4020 111 4063 a
124 3998 323 4065 multitudine
341 4001 499 4088 impetrari
519 4024 628 4088 posse,
654 4001 739 4084 quod
761 4000 802 4064 ad
823 3999 958 4063 militum
980 3996 1112 4063 salutem

91 4092 257 4179 pertineam
283 4094 345 4180 ipsi
360 4117 435 4160 vero
453 4096 530 4159 nihil
552 4096 690 4160 nocitum
707 4094 758 4171 iri,
785 4095 880 4177 inque
902 4115 972 4159 eam
993 4114 1060 4155 rem
1078 4112 1112 4155 se

92 4210 183 4254 suam
198 4188 295 4254 fidem
315 4189 519 4275 interponere.
563 4190 615 4255 ille
638 4212 709 4254 cum
728 4187 823 4254 Cotta
845 4188 952 4253 saucio
974 4208 1113 4251 commu·

90 4281 188 4358 nicet,
211 4282 241 4347 si
256 4281 414 4361 videatur,
437 4306 544 4369 pugna
563 4292 598 4347 ut
615 4283 769 4347 excedant
790 4291 910 4347 etcum
926 4278 1112 4365 Ambiorige

91 4398 154 4441 nna
170 4374 399 4461 colloquantur:
418 4398 543 4462 sperare
560 4377 600 4442 ab
618 4400 656 4442 co
674 4378 713 4442 dc
731 4400 789 4442 sua
806 4399 843 4441 ac
860 4375 994 4440 militum
1012 4373 1112 4439 salute

91 4468 257 4557 impetrare
282 4492 386 4557 posse.
432 4469 527 4536 Cotta
552 4493 586 4537 se
612 4471 653 4536 ad
674 4480 827 4535 armatum
848 4469 971 4534 hostem
997 4468 1112 4532 iturum

92 4576 185 4653 negat
201 4576 296 4651 atquc
314 4565 403 4631 ineo
420 4575 607 4650 perseverat
637 4564 774 4632 Sabinus
788 4586 867 4649 quos
884 4563 918 4628 in
934 4562 1111 4648 praesentia
1131 4580 1162 4627 ss
