2692 5206
410 769 527 827 COMM.
546 770 612 826 1111.
631 772 747 826 18-21.
1045 757 1088 823 63

53 896 204 963 medium
220 894 287 960 sere
303 894 468 980 regionum
484 915 601 971 carum,
620 915 698 978 quas
714 892 813 960 Suebi
830 894 1017 960 obtinerent:
1036 894 1088 959 hic

55 992 280 1059 Romanorum
296 989 466 1055 adventum
479 1001 661 1073 exspectare
674 998 768 1073 atque
783 989 826 1055 ibi
843 990 1000 1055 decertare
1013 1010 1088 1055 con·

58 1085 216 1152 stituisse.
258 1082 345 1168 quod
361 1082 416 1147 ubi
434 1080 553 1148 Caesar
571 1083 736 1168 comperit,
759 1082 904 1148 omnibus
925 1083 974 1148 his
991 1083 1086 1149 rebus

59 1179 232 1257 confectis,
258 1199 391 1262 quarum
407 1199 511 1241 rerum
529 1199 626 1241 causa
643 1177 805 1242 traducere
827 1178 997 1243 exercitum
1014 1197 1088 1243 con·

62 1274 223 1349 stituerat,
240 1282 275 1336 ut
293 1268 459 1337 Germanis
477 1284 595 1335 metum
612 1271 753 1348 iniceret,
775 1282 811 1335 ut
830 1267 1023 1357 Sugambros
1040 1270 1088 1334 ul-

62 1366 249 1443 cisceretur,
275 1375 311 1429 ut
331 1362 434 1430 Ubios
457 1362 619 1430 obsidione
640 1363 798 1442 liberaret,
825 1364 936 1430 diebus
962 1363 1088 1430 omnino

65 1459 176 1527 decem
194 1470 226 1525 et
242 1468 314 1524 octo
331 1468 416 1523 trans
429 1457 575 1522 Rhenum
589 1458 759 1523 consumtis
774 1457 849 1523 satis
863 1457 948 1523 etad
963 1457 1088 1522 laudem

67 1564 99 1619 et
115 1554 157 1620 ad
173 1553 337 1643 utilitatem
355 1552 530 1637 profectum
547 1553 713 1619 arbitratus
727 1574 761 1619 se
777 1553 809 1616 in
823 1550 959 1619 Galliam
972 1553 1088 1637 recepit

52 1659 257 1749 Quumque
273 1647 408 1712 rescidit.
1132 1645 1135 1650 ’

132 1741 260 1828 Exigua
276 1750 364 1826 parte
381 1741 510 1807 aestatis
527 1740 647 1824 reliqua
661 1739 790 1819 Caesar,
809 1741 868 1806 etsi
884 1740 917 1805 in
935 1740 983 1805 his
1000 1739 1088 1817 locis,
1107 1759 1140 1809 20

77 1836 155 1919 quod
170 1837 273 1901 omnis
291 1833 397 1902 Gallia
413 1837 453 1900 ad
472 1837 697 1921 septentriones
716 1837 836 1923 vergit,
858 1847 998 1903 maturae
1017 1848 1088 1901 sunt

80 1928 202 2007 harnes,
229 1940 333 1995 tamen
353 1930 386 1993 in
407 1930 603 1995 Britanniam
624 1930 779 2015 proficisci
805 1930 977 2008 contendit,
1004 1930 1089 2013 quod

85 2022 214 2089 omuibus
231 2023 298 2089 sere
316 2020 447 2089 Gallicis
470 2023 560 2090 bellis
578 2024 721 2090 hostibus
743 2024 858 2090 nostris
880 2025 953 2089 inde
971 2023 1090 2089 submi·

89 2115 199 2183 nauata
214 2117 331 2183 auxilia
347 2118 549 2204 intellegebat
566 2130 610 2195 et,
638 2118 665 2183 si
682 2129 806 2204 tempus
823 2119 896 2183 anni
914 2118 955 2183 ad
972 2117 1089 2183 bellurn

94 2211 241 2293 gerendmu
257 2210 417 2288 deficeret,
443 2222 548 2276 tamen
564 2235 680 2299 magno
698 2213 758 2279 sibi
779 2213 852 2278 usui
873 2212 941 2278 fore
958 2211 1089 2277 arbitra-

31 2376 36 2385 ,
96 2300 173 2383 batur,
188 2308 216 2372 si
229 2306 323 2372 modo
336 2305 470 2372 insulam
484 2306 602 2372 adisset
619 2318 650 2371 et
662 2328 763 2393 genus
781 2306 944 2371 hominum
960 2328 1088 2392 perspe-

99 2397 182 2479 xisset,
198 2399 283 2478 loca,
300 2409 423 2485 portus,
441 2399 545 2464 aditus
563 2400 777 2486 cognovissem
804 2422 884 2485 quae
902 2400 1006 2465 omnia
1024 2400 1090 2464 fero

102 2484 175 2558 (lillis
189 2502 278 2559 erant
298 2493 465 2579 incognita
509 2515 611 2576 neque
633 2494 716 2558 enim
733 2505 849 2559 temere
870 2503 993 2579 praeter
1009 2515 1091 2558 mer·

103 2594 191 2653 ulons
215 2587 270 2653 illo
295 2587 361 2652 adit
389 2587 570 2671 quisquam,
602 2609 704 2671 neque
734 2588 772 2652 iis
802 2588 880 2672 ipsis
911 2587 1089 2672 quicquam,

103 2690 192 2757 lucter
212 2704 300 2747 oram
321 2681 507 2746 maritimam
529 2691 624 2764 atque
646 2704 700 2747 eas
725 2682 884 2767 regiones,
911 2703 992 2766 quac
1018 2691 1091 2745 sunt

105 2782 180 2839 caua
195 2772 326 2853 Gallias,
344 2784 453 2840 notum
470 2786 528 2840 cst.
563 2775 669 2858 itaque
687 2775 824 2840 evocatis
842 2774 883 2839 ad
901 2797 936 2839 se
953 2774 1091 2857 undiquc

106 2870 294 2937 mercatoribus
307 2891 409 2953 nequo
423 2880 540 2953 quanta
553 2880 638 2935 esset
645 2868 766 2935 insulae
779 2868 971 2955 magnitudo,
989 2890 1091 2952 neque

106 2974 161 3036 quae
173 2973 222 3029 aut
239 2974 374 3049 quantae
390 2964 533 3028 nationes
555 2963 739 3041 incolerent,
766 2985 868 3047 neque
885 2984 980 3046 quem
996 2984 1091 3027 usum

107 3044 311 3124 lelibaberent
328 3068 382 3124 aut
403 3058 518 3141 quibus
541 3057 690 3124 institutis
714 3068 886 3134 uterentur,
914 3078 1015 3140 neque
1037 3056 1091 3140 qui
1135 3134 1142 3144 Ι

108 3160 179 3215 caut
197 3152 238 3218 ad
258 3153 412 3217 maiorum
434 3152 562 3217 navium
588 3153 819 3218 multitudinem
844 3151 948 3216 idonei
972 3161 1090 3236 portus,

108 3244 205 3321 ‘tpcfire
220 3257 351 3332 poterat
394 3246 531 3313 adhaec
552 3248 784 3333 cognoscenda,
806 3246 988 3331 priusquam
1010 3245 1092 3331 pori·
1109 3265 1138 3312 21

109 3330 180 3402 tulum
194 3338 320 3418 faceret,
338 3339 484 3406 idoneum
502 3362 572 3406 esso
586 3340 752 3406 arbitratus
767 3338 883 3406 Gaium
897 3338 1091 3405 Volusenum

109 3441 157 3493 cun
174 3434 242 3499 navi
263 3433 363 3520 longa
380 3434 557 3519 praemittit
601 3434 674 3499 huic
700 3434 841 3512 mandat,
868 3443 903 3498 ut
925 3433 1091 3518 exploratis

110 3522 217 3593 ombus
233 3527 329 3594 rebus
347 3529 388 3593 ad
405 3550 440 3593 se
456 3550 552 3611 quam
569 3529 704 3613 primum
721 3540 903 3593 revertatur.
938 3528 1006 3611 ipse
1021 3548 1093 3590 cum

110 3616 218 3686 mutus
238 3622 338 3706 copiis
360 3621 393 3685 in
413 3621 555 3687 Morinos
577 3622 795 3707 proficiscitur,
821 3621 906 3705 quod
930 3621 1002 3685 iude
1028 3629 1093 3683 erat

110 3699 277 3783 hausimus
294 3717 328 3782 in
344 3717 539 3783 Britanniam
558 3718 713 3783 traiectus.
758 3718 820 3782 huc
837 3737 934 3781 naves
956 3714 1093 3796 undique

101 3802 269 3908 'ffillnitimis
286 3811 468 3897 regionibus
487 3823 518 3876 et
540 3835 634 3896 quam
657 3812 815 3897 superiore
837 3820 955 3877 aestate
973 3809 1012 3872 ad
1031 3806 1094 3872 Vc-

111 3907 210 3969 cneum
226 3903 344 3970 bellmn
362 3905 507 3971 effecerat
525 3906 659 3970 classem
671 3905 757 3970 iubet
770 3904 944 3970 convenire.
972 3900 1094 3966 interim

10 4080 13 4087 Ι
112 3991 205 4062 majo
221 3999 289 4064 eius
307 4000 433 4085 cognito
451 4011 482 4064 et
499 4022 555 4085 per
572 4014 759 4065 mercatores
777 3998 896 4084 perlato
914 3998 954 4061 ad
971 3995 1095 4060 Britan-

10 4174 12 4181 Ι
112 4092 399 4178 mteompluribus
421 4093 488 4158 eius
511 4093 631 4158 insulae
649 4092 826 4157 civitatibus
849 4091 890 4156 ad
912 4112 983 4155 eum
1000 4087 1095 4175 legati

111 4176 217 4261 munt,
243 4186 298 4269 qui
315 4185 517 4271 polliceantur
539 4187 664 4253 obsides
682 4188 755 4252 dare
778 4196 871 4269 atque
892 4184 1023 4270 imperio
1040 4206 1096 4269 po·

111 4266 293 4375 lllssomani
311 4280 533 4366 obtemperare.
578 4282 691 4366 quibua
714 4281 827 4346 auditis
844 4279 1012 4344 liberaliter
1028 4280 1096 4364 pol-

110 4352 182 4437 hum
200 4373 416 4458 hortatusque,
444 4388 477 4441 ut
499 4376 532 4439 in
550 4398 588 4440 ea
610 4376 763 4441 sententia
784 4386 1013 4459 permanerent,
1041 4397 1095 4439 eos

109 4451 205 4533 ficuum
215 4468 345 4535 remittit
357 4480 388 4534 et
401 4491 473 4534 eum
486 4471 524 4535 iis
539 4493 601 4535 una
611 4469 799 4547 Commium,
819 4492 912 4552 quem
925 4470 993 4554 ipse
1002 4468 1096 4533 Atre-

108 4542 202 4627 ltfibus
219 4563 373 4649 superatis
391 4586 496 4649 regem
514 4564 558 4629 ibi
571 4565 781 4641 constituerat,
800 4564 889 4629 cuius
903 4575 933 4627 et
951 4563 1096 4628 virtutem
