2692 5206
418 1263 452 1324 e.
474 1263 596 1324 tumr
623 1261 840 1324 clusinus

296 1432 387 1512 DE
435 1431 670 1512 BELLO
718 1427 961 1512 OIVILI

102 1570 106 1681 i
397 1611 693 1663 commentarius
716 1611 863 1661 sarnus.

102 1688 105 1779 i

102 1818 105 1855 l

525 1794 732 1837 ARGUMENTUH.

102 1892 104 1927 :
192 1867 292 1942 [oripo
306 1873 369 1926 belli
380 1874 472 1926 cicilie
503 1877 620 1925 senatus
631 1876 732 1924 eontra
740 1867 891 1925 Caesarem
905 1869 1142 1925 machinationes

159 1939 182 1996 de
194 1943 273 2002 litteris
290 1949 351 2005 eius
365 1949 446 2019 pacis
460 1947 663 2002 sustentandae
679 1964 766 2002 causa
777 1946 871 2001 missis
885 1947 923 2001 ad
937 1952 1066 2002 senatum
1079 1962 1138 2001 non

102 2062 104 2073 .
158 2016 249 2078 mitur.
280 2025 375 2080 omnia
392 2025 495 2095 raptim
517 2031 547 2079 et
568 2024 682 2078 turbate
699 2028 835 2093 aguntur:
859 2020 965 2078 Caesar
986 2023 1139 2079 exereitum

157 2090 393 2232 ffitteursliuhetur,
407 2101 441 2156 fit
450 2108 603 2231 emmphlm
615 2100 780 2230 etultimugr
790 2097 1139 2232 οοηπαῒῖαοεεῶοωῖζῶ

265 2186 330 2233 tum
365 2178 529 2248 provinciae
574 2177 728 2247 ompeianis
769 2194 892 2232 ecernun
925 2195 952 2246 r,
1007 2184 1038 2232 ta
1111 2176 1118 2190 ⁶

157 2244 411 2312 terminabantur
433 2273 458 2311 c.
478 2256 564 2311 1-6.
606 2253 645 2308 11.
668 2256 767 2308 Caesar
790 2265 871 2309 totam
889 2256 997 2309 Italiam
1019 2263 1137 2326 occapat.

155 2320 270 2389 Rtttuuee
283 2335 362 2404 apud
374 2333 478 2388 milites
489 2333 674 2388 concionatus
688 2333 804 2402 cognita
814 2348 911 2387 eorum
919 2333 1066 2387 voluntate
1075 2331 1137 2386 Ari·

155 2400 227 2462 mittm
243 2408 447 2481 proficiscitur,
474 2409 630 2479 repudiatis
652 2409 755 2480 iniquis
776 2409 857 2478 pacis
884 2408 1098 2464 condicionibus
1120 2425 1139 2463 a

102 2488 105 2559 l
155 2473 253 2553 Pompeio
273 2486 429 2556 propositis
453 2485 607 2555 Arretium,
638 2486 796 2552 Pisaurum,
827 2486 950 2554 Fanum,
980 2484 1138 2553 Anconam,

102 2590 104 2595 ·
154 2551 247 2624 latium
264 2569 400 2634 occupat,
418 2569 477 2618 toto
492 2565 598 2619 Piceno
618 2564 758 2618 delectum
776 2563 876 2632 hahet,
895 2562 1014 2617 Auximo
1032 2562 1140 2632 potitur

154 2632 244 2694 tt-tt.
276 2639 386 2695 Romae
396 2642 567 2710 trepidatur,
584 2639 752 2710 profugiunt
765 2656 799 2693 er
813 2640 884 2694 urhe
894 2640 1025 2694 consules
1039 2644 1068 2694 et
1079 2639 1140 2708 ple-

102 2704 105 2793 ξ
152 2706 206 2781 liqut
219 2719 410 2788 magistratus,
428 2720 580 2787 Pompeius
599 2719 636 2771 ad
654 2717 781 2786 legiones
798 2715 995 2786 proficiscitur.
1035 2713 1141 2771 Caesar

102 2816 106 2865 ·,
152 2793 363 2855 martianum
380 2795 533 2864 percurrit,
551 2794 675 2848 Firmum
694 2800 724 2848 ot
735 2792 873 2847 Asculum
890 2792 1004 2862 recipit,
1023 2788 1140 2846 Corfinii

102 2916 104 2923 .
152 2858 270 2926 Domuum
293 2872 421 2941 obsidet,
444 2873 551 2927 frustra
572 2890 590 2927 a
607 2871 743 2941 Pompeio
766 2870 902 2925 auxilium
920 2875 1140 2940 exspectantem.

102 2940 105 3021 l
152 2932 318 3004 &haeresees
332 2948 448 3003 Caesari
461 2955 559 3018 portas
574 2949 714 3019 aperiunt
749 2948 891 3003 Domitius
905 2946 1002 3018 fugam
1020 2946 1140 3001 moliens

102 3038 116 3091 [ι
151 3020 286 3080 sufflatus
305 3025 479 3094 custoditur,
503 3026 624 3080 traditur
643 3026 786 3095 oppidum.
827 3022 933 3080 Caesar
949 3023 1140 3094 Pompeianos

102 3102 106 3153 l
150 3090 219 3168 hess,
236 3108 396 3172 senatores,
415 3103 526 3174 equites
536 3102 665 3172 dimittit,
685 3103 788 3156 milites
804 3107 1010 3156 sacramentum
1024 3102 1101 3171 apud
1110 3116 1141 3154 se

102 3158 106 3203 t
150 3165 506 3256 aestumatissimus
518 3181 621 3235 transit
634 3197 657 3234 ο.
674 3179 783 3234 14—23.
824 3179 878 3233 tn.
896 3181 1034 3249 Pompeis
1051 3180 1140 3232 esss-

149 3242 299 3326 &stupu
319 3255 417 3326 copias
436 3258 592 3326 contrahit,
613 3274 710 3312 servos
729 3263 917 3328 pastoresque
938 3262 1042 3326 armat,
1059 3272 1138 3310 recu-

149 3326 270 3400 eoquod
287 3335 485 3404 postulaverat
499 3333 605 3389 Caesar
623 3336 658 3389 de
677 3335 882 3404 compositione
902 3333 1045 3405 colloquio
1065 3333 1140 3388 ohsi-

147 3395 216 3474 debr,
231 3407 440 3479 Dyrrhachium
449 3411 551 3465 traicit.
588 3410 753 3465 Brundisini
763 3411 912 3466 Caesarem
921 3411 1074 3481 recipiunt,
1092 3409 1142 3481 qui

102 3536 105 3575 Ι
146 3469 235 3551 Pompei
248 3487 386 3556 sequendi
400 3489 510 3542 ratione
525 3488 631 3542 omissa
648 3489 677 3541 in
691 3488 861 3558 Hispaniam
874 3486 1016 3557 proficisci
1035 3486 1140 3541 eonsti-

102 3580 105 3629 ῃ
146 3552 188 3610 itit
210 3576 241 3615 ex
251 3560 384 3618 Sardinia
393 3562 505 3619 Cottam
514 3565 660 3633 Valerius,
676 3583 710 3620 ex
720 3563 817 3619 Sicilia
826 3563 961 3620 Catonem
972 3564 1055 3618 Curio
1065 3563 1140 3630 eicit,

102 3636 104 3647 '
146 3625 421 3718 lemmnimetrice
434 3643 542 3697 resistit
554 3645 648 3699 Varus
664 3661 688 3697 c.
698 3642 809 3696 24-31.
843 3642 911 3696 1111.
930 3641 1142 3695 CaesariaGsl-
1192 3692 1196 3699 ,

145 3705 190 3763 ⁶¹⁸⁸
201 3717 348 3772 eumaem
361 3723 501 3788 contendit,
520 3721 634 3775 infectis
653 3720 701 3788 iis,
726 3736 798 3791 quae
817 3719 924 3773 Romae
948 3734 1033 3789 agere
1056 3717 1142 3771 desti-

142 3797 247 3847 uteret
280 3793 403 3849 Domitii
421 3815 507 3852 suasu
521 3798 714 3853 Massilienses
733 3804 831 3867 pertas
846 3797 996 3864 claudunt,
1015 3794 1142 3849 Domitio

142 3871 334 3926 eammbetti
343 3873 559 3929 administrandi
567 3876 740 3944 permittunt
765 3871 1144 3929 Caesarobsidionemurhis

139 3933 312 4025 thetonis
330 3950 427 4020 legato
445 3958 475 4006 et
491 3952 527 4005 D.
545 3952 649 4021 Bruto,
674 3952 774 4008 classis
797 3951 959 4022 praefecto,
984 3950 1142 4018 committit,

137 4030 187 4086 tpse
198 4021 226 4077 in
239 4024 408 4096 Hispaniam
420 4027 610 4098 proficiscitur
623 4046 646 4083 c.
655 4030 765 4083 32-36.
799 4031 834 4085 V.
853 4031 958 4083 Bellum
972 4031 1000 4082 in
1013 4029 1145 4098 Hstpenia

136 4109 184 4150 ml
197 4100 311 4168 Assertio
329 4113 353 4158 et
370 4106 487 4174 Petreio,
504 4108 614 4171 Pompei
631 4109 734 4177 tepetis,
751 4117 849 4176 pestem
868 4123 891 4160 c.
904 4106 1016 4160 37—87.
1055 4107 1143 4176 Pyre-

133 4174 202 4229 neeis
210 4178 331 4234 saltibus
343 4198 396 4251 per
404 4182 526 4238 Fabium
536 4185 683 4255 occupatis
699 4187 728 4238 in
739 4183 904 4254 Hispaniam
919 4183 1065 4238 contendit
1074 4183 1143 4239 an-

131 4264 173 4338 tsr
184 4255 327 4311 cdl-38.
363 4259 482 4330 Pompei
492 4268 521 4315 et
530 4261 660 4316 Caesaris
677 4261 775 4331 copiae
786 4267 986 4315 enumerantur
1000 4261 1075 4316 ese.
1106 4262 1145 4316 sd

129 4324 240 4384 Sicorim
251 4331 358 4389 flumen
370 4354 459 4407 prope
468 4337 590 4393 Ilerdam
600 4339 729 4408 pluribus
738 4339 855 4409 proeliis
866 4345 990 4393 certatur
1004 4338 1144 4393 cdo-47.

127 4409 269 4476 repentino
284 4409 463 4469 incommodo
478 4414 640 4470 Caesariani
660 4421 817 4471 commeatu
833 4415 970 4485 prohibiti
987 4433 1091 4486 magna
1103 4416 1144 4469 in-

125 4484 288 4555 opierernm
298 4491 520 4546 necessariarum
530 4493 736 4560 conflictantur,
746 4491 909 4547 Afranianis
919 4493 1049 4548 omnibus
1058 4492 1143 4547 rebus

122 4563 335 4620 abundantibus
354 4574 384 4623 et
400 4570 456 4623 iam
474 4570 580 4624 bellum
598 4570 759 4626 confectum
782 4569 962 4639 opinantibus
985 4587 1009 4625 c.
1026 4568 1143 4638 48-53;

172 4649 345 4697 trenciani.
939 4655 974 4710 12
