2692 5206
463 771 590 830 CAPUT
609 774 728 827 28-31.
1037 760 1099 824 383

28 902 44 909 ··
125 907 187 955 asur
201 892 361 971 tribuisset,
380 895 411 958 in
430 894 525 959 dubio
542 908 716 981 poneretur.
761 896 864 978 itaque
882 896 979 959 nostri
997 897 1038 959 ad
1055 897 1101 959 di-

22 1020 33 1027 -·
123 983 258 1051 nundum
276 988 458 1071 procedunt,
476 990 509 1053 id
527 990 610 1072 quod
629 990 823 1052 adversarios
846 989 1099 1054 existimabamus

17 1112 27 1119 -
123 1098 170 1142 erae
182 1082 321 1158 facturos3
344 1084 398 1166 qui
420 1100 524 1147 tamen
542 1108 561 1147 a
578 1085 748 1147 munitione
770 1084 875 1168 oppidi
898 1084 1020 1168 longius
1038 1109 1099 1147 non

15 1204 20 1210 ·
120 1172 237 1239 adelart
252 1178 434 1260 procedere,
457 1200 558 1260 nequo
577 1177 636 1241 sibi
653 1200 750 1262 propo
768 1201 890 1240 murum
909 1202 974 1239 cam
992 1178 1101 1241 adver-

10 1296 16 1301 ·
118 1266 180 1331 tuiis
193 1270 400 1353 proeliandum
419 1271 655 1335 constituebant.
684 1272 788 1353 itaque
806 1271 903 1335 nostri
921 1272 1099 1355 procedant.

114 1353 234 1427 Interdum
250 1364 391 1447 aequitas
410 1364 468 1428 loci
483 1366 678 1428 adversarios
692 1364 893 1449 efflagitabat,
913 1377 946 1427 ut
961 1365 1014 1428 tali
1028 1388 1101 1429 con-

111 1448 204 1520 dicione
219 1459 440 1523 contenderent
457 1461 498 1523 ad
515 1461 690 1536 victoriam;
708 1482 809 1542 nequo
828 1470 930 1523 tamen
949 1460 993 1523 illi
1011 1483 1030 1522 a
1044 1484 1100 1523 aaa

108 1552 301 1615 assuetudine
319 1552 534 1629 discedebant,
561 1564 595 1616 ut
618 1564 672 1616 aut
694 1553 733 1616 ab
756 1553 880 1617 excelso
903 1553 971 1616 loco
989 1564 1041 1615 aut
1060 1552 1099 1616 ab

104 1642 198 1725 oppido
212 1646 414 1710 discederent.
441 1647 537 1711 nostri
556 1647 634 1732 pede
652 1669 762 1731 presso
775 1648 901 1731 propius
916 1646 1015 1709 rivum
1029 1669 1101 1710 cum

102 1739 393 1823 &ppraplnquassena
420 1740 589 1805 adversarii
611 1741 797 1825 patrocinari
820 1741 887 1804 loco
909 1741 1016 1822 iniquo
1038 1764 1100 1803 non

100 1819 234 1896 desinunt.
279 1846 344 1897 crat
364 1834 446 1898 acies
464 1834 551 1898 XIII
571 1834 682 1918 aquilis
701 1835 881 1910 constituta,
901 1856 981 1915 quae
998 1834 1101 1897 lateri·
1119 1852 1150 1898 30

99 1909 152 1983 bus
172 1927 305 2009 equitatu
333 1927 495 2013 tegebatur
520 1951 591 1992 cum
618 1927 678 1992 levi
705 1939 860 1992 armatura
882 1927 1007 1991 milibus
1035 1952 1099 2005 sex,

10 2062 13 2107 f
95 2024 238 2088 Praeterea
263 2021 428 2084 auxiliares
456 2022 645 2086 accedebant
676 2044 772 2107 prope
804 2022 934 2084 alterum
967 2032 1099 2098 tautum3

95 2118 187 2176 nostra
197 2114 353 2198 praesidia
365 2114 507 2178 LXXX
521 2115 699 2179 cohortibus
716 2127 746 2178 ct
759 2114 861 2178 VIIII
874 2115 999 2179 milibus
1015 2117 1101 2199 equi·

94 2202 161 2267 tuta
183 2207 224 2271 ita
241 2229 313 2271 cum
330 2209 363 2271 in
380 2222 519 2273 extrema
536 2210 668 2294 planicie
687 2209 826 2292 iniquum
841 2209 989 2274 inlocum
1003 2212 1100 2275 nostri

93 2302 394 2385 “Ppmpiuquassena
422 2316 548 2388 paratus
566 2303 666 2368 hostis
685 2315 750 2367 erat
773 2304 925 2388 superior,
949 2316 983 2368 ut
1002 2316 1100 2368 trans-

93 2393 215 2458 eundum
233 2395 376 2479 superius
394 2396 452 2460 iter
465 2396 663 2461 vehementer
675 2409 758 2461 essct
771 2398 989 2481 periculosum.
1016 2400 1100 2481 quod

92 2491 154 2547 cum
170 2487 337 2553 aCacsare
356 2500 439 2553 essct
456 2491 716 2565 animadversum,
736 2513 774 2554 ne
793 2491 867 2574 quid
881 2504 995 2555 temere
1009 2492 1101 2576 culpa

91 2583 171 2645 Serus
188 2582 409 2660 admitteretur,
428 2606 500 2647 cum
517 2583 620 2649 locum
639 2583 766 2647 definire
784 2584 894 2668 coepit.
926 2585 1010 2666 quod
1028 2607 1098 2648 cum

87 2652 239 2739 luminum
257 2676 384 2741 auribus
403 2688 487 2741 esset
504 2678 673 2754 obiectum,
698 2678 825 2742 moleste
844 2688 874 2740 et
892 2677 1002 2742 acerbe
1020 2679 1100 2741 acci-

85 2755 205 2833 piabant
221 2770 379 2854 impediri,
406 2773 593 2854 quominus
616 2772 767 2857 proelium
790 2772 942 2835 conficere
959 2784 1098 2857 possent.

80 2838 157 2953 hstes
173 2886 263 2928 mora
279 2864 475 2929 adversarios
497 2864 661 2930 alacriores
684 2865 853 2929 efficiebat:
881 2865 1027 2930 Caesaris
1046 2887 1099 2929 co-

75 2950 147 3021 plas
164 2957 274 3022 timore
296 2958 439 3042 impediri
461 2960 500 3022 ad
523 2960 777 3024 committendum
800 2960 960 3042 proelium.
1005 2959 1048 3022 ita
1066 2983 1099 3023 se

73 3035 243 3115 efferentes
260 3051 366 3135 iniquo
384 3053 453 3116 loco
467 3053 515 3116 sui
528 3064 713 3137 potestatem
728 3052 914 3129 efficiebant,
933 3063 968 3115 ut
985 3075 1100 3138 magno

69 3130 183 3209 lamen
200 3145 339 3229 periculo
356 3169 502 3211 accessus
520 3168 627 3210 eorum
649 3145 823 3211 haberetur.
868 3147 919 3210 hic
937 3147 1099 3210 decumani

65 3231 304 3315 ⁸⁸1umlooum,
332 3262 428 3303 comu
447 3241 602 3315 dextrum,
631 3240 789 3317 tenebant,
818 3241 977 3306 sinistrum
999 3241 1050 3304 III
1069 3255 1100 3304 et

61 3297 102 3371 V
123 3332 210 3418 legio
229 3332 364 3416 itemque
382 3344 414 3398 et
431 3345 533 3398 cetera
554 3334 717 3397 auxiliaret
739 3335 903 3416 equitatus.
947 3336 1098 3420 proelium

59 3406 213 3491 elamore
231 3426 315 3491 facto
333 3429 543 3492 committitur.
588 3428 638 3492 hic
657 3429 714 3492 etsi
733 3430 844 3493 virtute
862 3431 959 3494 nostri
977 3442 1100 3493 antoce-
1118 3454 1144 3497 31

57 3496 203 3598 debant,
222 3522 391 3586 adversarii
409 3522 476 3587 loco
495 3523 652 3607 superiore
671 3545 704 3586 se
719 3523 927 3586 defendebant
942 3523 1098 3597 menime,

56 3612 100 3671 et
120 3616 295 3681 vehemens
313 3616 408 3681 fiebat
425 3617 464 3681 ab
487 3619 625 3700 utrisque
648 3618 763 3681 clamor
785 3617 978 3698 telorumque
1000 3617 1099 3679 missu

55 3710 264 3787 eancarana,
287 3710 333 3775 sio
350 3721 385 3774 ut
402 3734 498 3796 propo
516 3712 613 3774 nostri
632 3711 806 3774 diffiderent
826 3711 981 3773 victoriae.
1026 3731 1099 3772 cou-

54 3805 207 3875 gtessus
225 3804 308 3868 cuim
326 3817 357 3868 ct
374 3804 499 3881 clamor,
519 3805 632 3887 quibus
651 3803 744 3868 rebus
763 3804 898 3867 maxime
913 3803 1012 3867 hostis
1027 3824 1099 3866 con-

54 3888 220 3972 terretur,
238 3897 271 3961 in
288 3898 402 3962 collatu
418 3899 485 3984 pari
504 3909 591 3962 erant
609 3898 800 3962 condicione.
836 3898 941 3979 itaquo
959 3918 998 3959 cx
1016 3907 1100 3959 utro·

54 3996 136 4068 (lue
164 4012 281 4077 genere
309 4014 416 4077 pugna
441 4014 513 4056 cum
539 4014 645 4076 parem
676 3992 820 4054 virtutem
851 3992 891 4054 ad
922 3989 1099 4053 bellandum

56 4084 292 4161 contulissent,
310 4086 444 4170 pilorum
461 4086 561 4149 missu
577 4085 641 4148 fixa
659 4083 833 4148 cumulatur
851 4096 881 4147 et
899 4082 1031 4145 concidit
1045 4084 1100 4145 ad·

56 4178 287 4245 versariorum
309 4178 483 4243 multitudo.
529 4179 672 4243 dextrum
698 4177 978 4241 demonstravimus
1006 4177 1099 4241 decu-

59 4280 189 4338 manos
209 4295 304 4337 cornu
322 4274 472 4351 tenuisse3
491 4273 544 4356 qui
562 4273 620 4337 etsi
638 4284 725 4335 eraut
737 4271 838 4355 pauci,
857 4281 961 4334 tamen
974 4282 1100 4356 propter

62 4369 226 4432 virtutem
249 4390 364 4452 magno
386 4367 580 4431 adversarios
604 4366 713 4429 timore
736 4388 842 4428 eorum
866 4387 960 4449 opera
982 4366 1098 4430 afficic-

64 4446 168 4537 bant,
191 4461 276 4543 quod
294 4486 313 4526 a
331 4485 388 4526 suo
406 4461 474 4526 loco
492 4462 598 4525 hostes
616 4459 815 4523 vehementer
833 4481 971 4543 premere
989 4483 1098 4545 coepe-

69 4566 159 4631 runt,
177 4556 265 4618 atad
280 4556 462 4633 subsidium,
482 4579 520 4618 ne
535 4554 574 4618 ab
587 4554 681 4618 latere
695 4553 792 4617 nostri
807 4564 1002 4639 occuparent,
1016 4555 1097 4639 legio
