2738 5272
252 817 315 882 298
559 827 673 884 esula
691 827 960 885 ALEXANDRINI

252 952 368 1017 vallum
386 953 425 1017 ad
443 954 592 1039 oppidum
609 962 817 1017 enataverunt.
844 953 934 1016 multi
951 964 1054 1017 tamen
1072 976 1111 1017 ex
1125 954 1172 1018 his
1187 958 1271 1041 eapti

255 1047 468 1131 interfectique
491 1058 577 1123 sunt;
603 1045 658 1110 sed
680 1068 827 1111 numerus
850 1047 1042 1131 captivorum
1064 1049 1190 1112 omnino
1208 1050 1271 1114 fuit

207 1163 235 1210 19
255 1141 402 1206 sexcenti
430 1139 548 1206 Caesar
564 1140 678 1225 praeda
695 1140 843 1205 militibus
862 1162 1011 1205 concessa
1024 1141 1164 1206 aedificia
1176 1143 1271 1229 diripi

251 1235 343 1299 iussit
365 1235 585 1319 castellumque
611 1234 651 1297 ad
677 1245 818 1319 pontem,
844 1235 899 1319 qui
921 1236 1045 1320 propior
1066 1247 1132 1300 erat
1152 1236 1269 1314 Pharo,

251 1329 453 1393 communivit
470 1340 562 1412 atque
579 1327 622 1392 ibi
640 1328 828 1412 praesidium
845 1330 958 1413 posuit.
990 1330 1073 1393 hunc
1091 1331 1167 1415 suga
1184 1330 1271 1395 Pha·

250 1424 327 1487 ritae
352 1423 550 1506 reliquerant3
581 1423 741 1487 certiorem
767 1422 854 1486 illum
884 1424 1121 1507 propioremque
1152 1425 1269 1509 oppido

250 1515 455 1582 Alexandrini
472 1517 643 1582 tuebantur.
670 1517 726 1581 sed
744 1538 815 1580 eum
828 1529 953 1600 postero
971 1518 1022 1581 die
1039 1518 1131 1583 simili
1149 1519 1269 1584 ratione

252 1612 445 1698 aggreditur,
468 1612 550 1695 quod
567 1609 615 1675 his
633 1610 767 1676 obtentis
785 1611 908 1675 duobus
931 1633 1054 1675 omnem
1072 1611 1269 1696 navigiorum

252 1728 416 1770 excursum
443 1717 474 1770 et
504 1704 676 1793 repentina
691 1704 851 1769 latrocinia
881 1704 1037 1768 sublatum
1067 1705 1105 1769 iri
1131 1705 1268 1769 videbat.

250 1800 373 1883 iamque
391 1822 459 1877 eos,
477 1799 530 1881 qui
546 1798 700 1882 praesidio
718 1821 789 1862 eum
807 1798 910 1861 locum
928 1798 1086 1874 tenebant,
1106 1800 1269 1862 tormentis

250 1916 290 1958 ex
307 1893 439 1957 navibus
458 1891 639 1978 sagittisque
656 1891 816 1976 depulerat
837 1902 930 1975 atque
952 1892 984 1954 in
1007 1892 1156 1976 oppidum
1178 1892 1270 1954 rede-

249 1997 339 2072 gerat
355 1997 385 2050 et
403 1986 573 2051 cohortium
591 1985 681 2049 trium
700 1986 797 2050 instar
814 1985 847 2049 in
860 2001 971 2049 terram
985 1996 1171 2070 exposuerat
1188 1985 1269 2063 (non

250 2081 333 2145 enim
353 2081 457 2165 plures
480 2079 647 2144 consistere
672 2080 835 2165 angustiae
860 2078 920 2143 loci
945 2080 1168 2164 patiebantur);
1196 2080 1270 2142 reli-

249 2196 329 2256 quae
351 2174 459 2258 copiae
479 2173 512 2236 in
533 2173 664 2238 navibus
688 2173 849 2237 stationem
873 2173 1062 2237 obtinebant.
1098 2195 1159 2257 quo
1181 2173 1268 2237 facto

248 2267 379 2351 imperat
395 2279 520 2352 pontem
538 2267 687 2331 adversus
700 2265 822 2330 hostem
835 2266 1016 2350 praevallari
1030 2277 1069 2342 et,
1088 2288 1150 2348 qua
1163 2266 1268 2352 exitus

248 2360 380 2426 navibus
399 2370 463 2424 erat
480 2360 596 2424 fornice
614 2371 785 2436 exstructo,
804 2383 867 2443 quo
884 2382 963 2444 pons
983 2360 1200 2434 sustinebatur,
1221 2359 1268 2423 la-

248 2455 372 2540 pidibus
387 2455 504 2540 oppleri
517 2468 610 2537 atque
623 2454 753 2519 obstrui.
779 2476 911 2537 quorum
924 2455 1020 2518 altero
1035 2477 1127 2538 opere
1141 2454 1266 2529 effecto,

248 2550 384 2613 utnulla
402 2549 525 2613 omnino
544 2549 660 2634 scapha
677 2549 783 2635 egredi
800 2559 915 2632 posset,
934 2549 1030 2612 altero
1044 2549 1183 2611 instituto
1198 2568 1268 2610 om·

247 2666 303 2708 ucs
316 2642 596 2707 Alexandrinorum
615 2643 722 2726 copiae
740 2664 779 2706 ex
797 2642 911 2726 oppido
925 2665 959 2706 se
973 2641 1128 2704 eiecerunt
1142 2653 1172 2703 et
1190 2662 1267 2702 eon-

247 2748 293 2800 tra
311 2737 495 2800 munitiones
513 2736 616 2820 pontis
634 2735 740 2799 latiore
758 2735 827 2799 loco
849 2736 1064 2810 constiterunt,
1092 2734 1267 2815 eodemque

246 2841 384 2915 tempore
402 2852 481 2912 quae
499 2841 722 2894 consueverant
739 2829 865 2914 navigia
877 2851 932 2912 per
944 2841 1054 2912 pontes
1069 2829 1108 2891 ad
1122 2828 1268 2891 incendia

247 2926 453 2988 onerariarum
471 2925 609 2988 emittere
623 2924 663 2987 ad
680 2923 792 2987 molem
807 2924 1039 2986 constituerunt.
1067 2920 1268 3006 pugnabatur

246 3041 265 3081 a
281 3018 394 3082 nostris
413 3040 452 3081 ex
469 3030 576 3102 ponte,
604 3040 643 3080 cx
661 3017 756 3093 mole;
784 3016 823 3080 ab
845 3016 906 3079 illis
929 3038 968 3078 ex
986 3038 1071 3090 arca,
1099 3037 1178 3097 quae
1197 3028 1267 3077 erat

195 3133 228 3179 ao
246 3113 396 3177 adversus
422 3122 562 3195 pontem,
590 3122 682 3175 etex
708 3111 841 3174 natabus
868 3123 975 3174 contra
1000 3111 1123 3173 molem.
1159 3110 1190 3171 in
1214 3109 1265 3172 his

244 3203 337 3269 rebus
355 3215 506 3287 occupato
526 3203 660 3268 Caesare
678 3204 851 3286 militesque
868 3202 1009 3266 hortante
1026 3204 1179 3287 remigum
1197 3226 1267 3266 ma-

243 3321 325 3383 gnus
343 3320 490 3362 numerus
513 3308 543 3360 et
566 3296 794 3361 classiariorum
817 3320 856 3360 cx
872 3296 975 3388 longis
998 3296 1130 3360 navibus
1149 3299 1265 3361 nostris

164 3383 168 3392 ¹
244 3393 276 3454 in
293 3391 405 3454 molem
425 3414 458 3455 se
473 3392 571 3454 eiecit.
598 3413 670 3474 para
684 3413 790 3455 eorum
805 3390 907 3454 studio
922 3391 1082 3474 spectandi
1096 3388 1264 3466 ferebatur,

243 3508 315 3570 pars
338 3485 431 3548 etiam
454 3486 622 3570 cupiditate
644 3485 813 3571 pugnandi.
849 3485 880 3546 hi
902 3486 1037 3569 primum
1060 3484 1185 3567 navigia
1207 3484 1266 3547 ho·

244 3579 337 3642 stiurn
359 3577 515 3662 lapidibus
537 3601 573 3642 ac
595 3578 701 3641 fundis
724 3602 743 3641 a
765 3578 844 3641 mole
863 3577 1054 3661 repellebant
1075 3599 1111 3640 ac
1129 3576 1263 3639 multura

242 3671 389 3757 proficere
413 3672 606 3736 multitudine
630 3672 760 3736 telorum
783 3669 973 3735 videbantur.
1015 3671 1071 3734 sed
1096 3679 1263 3754 postquam

243 3766 322 3830 ultra
340 3789 411 3830 eum
429 3766 531 3829 locum
550 3766 589 3830 ab
607 3767 702 3830 latere
720 3788 827 3829 eorum
849 3776 955 3849 aperto
973 3766 1041 3827 ausi
1064 3776 1137 3828 sunt
1155 3765 1264 3847 egredi

242 3881 281 3923 ex
298 3858 430 3923 navibus
449 3859 652 3923 Alexandrini
671 3860 771 3943 pauci,
790 3871 824 3922 ut
842 3859 907 3922 sine
926 3858 1024 3943 signis
1042 3858 1193 3938 certisque
1213 3879 1265 3919 or-

241 3953 377 4030 dinibus,
397 3954 463 4018 sine
481 3955 598 4017 ratione
617 3954 802 4037 prodierant,
823 3953 867 4015 sic
885 3964 999 4015 temere
1018 3952 1049 4014 in
1064 3973 1158 4014 naves
1177 3952 1265 4014 refu-

241 4069 314 4131 gere
333 4060 509 4130 coeperunt.
545 4069 676 4129 quorum
698 4047 776 4130 fuga
792 4046 910 4109 incitati
928 4044 1133 4108 Alexandrini
1155 4043 1264 4127 plures

241 4162 281 4202 ex
303 4139 435 4204 navibus
462 4140 699 4226 egrediebantur
724 4150 909 4221 nostrosque
936 4139 1037 4202 acrius
1063 4136 1264 4222 perturbatos

241 4233 490 4315 insequebantur.
528 4234 630 4310 simul,
649 4235 751 4316 quiin
770 4233 900 4297 navibus
918 4233 1020 4317 longis
1039 4244 1263 4308 remanserant,

243 4327 342 4390 scalas
360 4351 467 4414 rapere
484 4351 642 4411 navesque
659 4352 679 4392 a
702 4340 783 4393 terra
804 4327 951 4412 repellere
973 4325 1193 4411 properabant,
1223 4349 1264 4389 ne

242 4420 347 4484 hostes
366 4423 498 4487 navibus
516 4424 695 4507 potirentur.
732 4422 845 4506 quibus
863 4421 1007 4486 omnihus
1030 4419 1122 4483 rebus
1141 4427 1267 4502 pertur-

242 4513 305 4579 bati
323 4515 436 4580 milites
449 4517 546 4581 nostri
559 4517 731 4582 cohortium
746 4517 847 4591 trium,
866 4515 990 4598 quaein
1004 4524 1097 4598 ponte
1111 4534 1146 4576 ac
1161 4512 1266 4595 prima

242 4608 322 4673 mole
336 4610 544 4687 constiterant,
559 4632 630 4674 cum
642 4620 714 4696 post
727 4632 761 4675 se
770 4609 935 4674 clamorem
947 4607 1136 4682 exaudirent,
1150 4606 1264 4690 hagam
