2738 5272
262 748 325 816 150
577 759 775 817 nasama
793 760 961 818 osunrco

260 883 427 972 gerebatur
447 906 548 969 neque
569 894 652 950 recte
674 906 712 949 ac
732 885 862 971 turpiter
886 884 1004 950 factum
1030 885 1124 949 celari
1148 895 1281 970 poterat,

260 989 408 1063 utrosque
426 989 458 1044 et
473 979 575 1044 laudis
592 979 745 1064 cupiditas
764 989 795 1042 et
811 979 903 1043 timor
919 979 1108 1065 ignominiae
1126 981 1167 1044 ad
1185 981 1283 1045 virtu-

260 1082 325 1137 tem
346 1070 510 1138 excitabat.
554 1094 626 1136 cum
648 1096 668 1136 a
688 1072 816 1137 meridie
842 1094 939 1157 prope
966 1073 1007 1138 ad
1032 1073 1106 1138 solis
1133 1095 1280 1139 occasum

260 1165 357 1230 dubia
372 1166 502 1231 victoria
518 1177 717 1251 pugnaretur,
738 1164 888 1231 Germani
905 1189 968 1230 una
985 1167 1016 1230 in
1030 1178 1117 1251 parte
1131 1168 1279 1233 confertis

260 1260 370 1324 turmis
396 1260 429 1324 in
454 1259 560 1324 hostes
587 1259 736 1343 impetum
762 1260 903 1324 fecerunt
925 1281 1041 1343 eosque
1067 1262 1278 1346 propulerunt,

260 1354 374 1439 quibus
392 1355 424 1419 in
441 1354 551 1440 fugam
568 1355 715 1419 coniectis
734 1354 884 1441 sagittarii
898 1354 1100 1419 circumventi
1112 1356 1280 1422 interfecti-

261 1470 322 1533 que
340 1459 423 1514 sunt.
449 1449 524 1513 item
542 1470 582 1512 ex
598 1448 725 1531 reliquis
743 1447 883 1532 partibus
901 1448 998 1512 nostri
1016 1449 1162 1514 cedentes
1178 1472 1279 1534 usquc

260 1542 301 1607 ad
318 1552 421 1609 castra
437 1542 569 1607 insecuti
587 1542 637 1607 sui
654 1541 819 1628 colligendi
841 1541 1020 1607 facultatem
1037 1564 1101 1607 non
1118 1543 1279 1608 dederunt.

260 1646 292 1701 at
311 1637 348 1715 ii,
374 1636 429 1721 qui
451 1634 490 1701 ab
513 1634 624 1700 Alesia
645 1646 873 1720 processerant,
900 1637 1011 1701 maesti
1031 1658 1129 1722 prope
1150 1637 1281 1702 victoria

209 1749 241 1798 ει
261 1730 426 1814 desperata
443 1751 477 1794 se
494 1729 527 1793 in
552 1729 701 1815 oppidum
717 1739 909 1815 receperunt.
954 1752 1016 1794 unc
1034 1730 1085 1794 die
1102 1730 1279 1797 intermisso

261 1819 346 1888 Galli
363 1831 457 1907 atque
473 1822 533 1887 hoc
552 1823 652 1907 spatio
669 1846 785 1908 magno
803 1824 947 1900 cratium,
975 1823 1141 1901 scolarum,
1168 1824 1281 1910 harpa-

259 1939 378 2003 gonum
402 1937 532 1981 numero
558 1917 683 1993 effecto,
711 1918 814 1981 media
842 1927 932 1981 nocte
958 1916 1078 1982 silentio
1105 1940 1145 1982 ex
1171 1919 1280 1983 castris

260 2010 381 2095 egressi
402 2010 443 2074 ad
463 2020 653 2094 campestres
675 2011 863 2075 munitiones
886 2012 1047 2075 accedunt.
1092 2010 1195 2075 subito
1217 2011 1281 2076 cla-

259 2124 346 2167 more
365 2103 497 2181 sublato,
516 2125 579 2187 qua
596 2104 822 2189 significatione
840 2105 895 2187 qui
912 2105 944 2168 in
961 2105 1075 2190 oppido
1094 2104 1281 2169 obsideban-

261 2208 312 2260 tur
328 2196 368 2260 de
391 2220 448 2262 suo
470 2198 607 2262 adventu
628 2220 817 2285 cognoscere
839 2208 982 2284 possent,
1011 2208 1110 2263 crates
1131 2199 1279 2283 proicere,

261 2289 381 2367 fundis,
401 2291 539 2377 sagittis,
562 2291 718 2376 lapidibus
736 2302 858 2356 nostros
877 2293 916 2356 de
934 2292 1016 2357 vallo
1033 2291 1216 2377 proturbare
1232 2314 1282 2356 re-

235 2387 241 2407 '
259 2384 415 2468 liquaque,
434 2407 513 2469 quae
531 2386 573 2450 ad
590 2386 854 2472 oppugnationem
872 2387 1035 2470 pertinent,
1053 2396 1164 2471 parant
1182 2386 1281 2450 admi-

259 2478 399 2543 nistrare.
422 2480 531 2544 eodem
546 2490 684 2565 tempore
698 2481 832 2545 elamore
842 2481 986 2545 exaudito
1000 2481 1054 2544 dat
1067 2479 1142 2544 tuba
1155 2480 1281 2565 signum

260 2571 325 2636 suis
339 2571 576 2658 Vercingetorix
593 2584 685 2657 atque
699 2596 739 2638 ox
753 2575 867 2658 oppido
881 2575 992 2638 educit
1020 2574 1117 2638 nostri
1135 2583 1170 2637 ut
1188 2595 1281 2657 supc-

259 2664 392 2730 rioribus
410 2667 530 2744 diebus,
550 2677 584 2731 ut
601 2668 713 2750 cuique
729 2667 817 2732 loeus
836 2677 902 2731 crat
919 2666 1102 2742 attributus,
1122 2668 1161 2731 ad
1179 2667 1281 2730 muni·

260 2759 359 2824 tiones
386 2760 551 2838 accedunt3
583 2760 703 2837 fundis,
730 2759 882 2825 librilibus
910 2760 1115 2843 sudibusque,
1143 2781 1221 2843 quas
1247 2761 1282 2823 in

260 2875 353 2937 opere
370 2854 600 2938 disposuerant,
619 2877 656 2918 ac
673 2853 840 2939 glandibus
859 2851 968 2918 Gallos
986 2863 1165 2937 proterrent.
1210 2876 1282 2937 pro-

260 2958 369 3030 spectu
386 2947 521 3012 tenebris
540 2948 685 3032 adempto
702 2947 800 3011 multa
815 2948 968 3030 utrimque
981 2947 1110 3012 vulnera
1123 2946 1282 3032 accipiun-

260 3051 323 3116 tur3
342 3040 502 3124 complura
519 3042 679 3107 tormentis
698 3041 760 3105 tela
777 3042 979 3106 coniciuntur.
1016 3051 1048 3105 at
1064 3041 1193 3106 Marcus
1211 3040 1282 3104 An-

259 3132 362 3195 tonius
385 3143 416 3195 et
439 3131 540 3197 Gaius
563 3133 740 3199 Trebonius
762 3134 872 3220 legati,
899 3135 1013 3218 quibus
1036 3157 1091 3199 eae
1111 3145 1216 3220 partos
1239 3135 1282 3198 ad

259 3224 490 3291 defendendum
508 3226 711 3306 obvenerant,
735 3249 799 3311 qua
816 3251 855 3292 ex
872 3240 959 3313 parte
976 3239 1099 3294 nostros
1118 3229 1217 3313 premi
1233 3228 1282 3292 in-

259 3317 454 3398 tellexerant,
481 3320 530 3387 his
553 3322 669 3386 auxilio
692 3343 732 3386 ex
754 3323 951 3388 ulterioribus
975 3324 1110 3388 castellis
1129 3323 1281 3387 deductos

208 3434 241 3482 82
262 3413 505 3480 summittebant.
537 3415 627 3481 ‘dum
643 3417 767 3503 longius
787 3417 826 3482 ab
845 3419 1016 3483 munitione
1038 3418 1167 3483 aberant
1185 3415 1280 3492 Galli,

258 3507 329 3592 plus
343 3507 540 3574 multitudine
554 3510 685 3575 telorum
698 3511 915 3596 proficiebant;
932 3525 1137 3597 posteaquam
1150 3512 1281 3596 propius

260 3614 485 3680 successerunt,
504 3615 558 3669 aut
576 3627 609 3669 se
628 3605 761 3671 stimulis
779 3607 974 3691 inopinantes
992 3604 1162 3670 induebant
1176 3615 1230 3668 aut
1247 3605 1282 3668 in
1340 3690 1342 3695 Ι

260 3697 386 3762 scrobes
408 3698 502 3763 delati
528 3699 814 3765 transfodiebantur
835 3712 889 3765 aut
911 3723 950 3764 ex
973 3701 1054 3764 vallo
1078 3722 1115 3763 ac
1140 3697 1278 3762 turribus

259 3792 378 3857 traiecti
394 3794 465 3878 pilis
483 3793 654 3858 muralibus
672 3793 847 3858 interibant.
892 3795 997 3859 multis
1016 3795 1153 3877 undique
1171 3792 1281 3856 vulne-

258 3887 344 3952 ribus
367 3888 502 3971 acceptis
524 3888 610 3951 nulla
630 3889 802 3952 munitione
824 3899 985 3973 perrupta,
1012 3910 1084 3952 cum
1105 3888 1161 3951 lux
1184 3909 1280 3971 appe-

259 3991 349 4058 teret,
376 3982 480 4058 veriti‚
507 4004 546 4045 ne
569 3980 608 4046 ab
631 3982 727 4046 latere
749 3992 856 4066 aperto
874 4004 914 4046 ex
936 3981 1146 4067 superioribus
1169 3981 1280 4046 castris

259 4075 418 4157 eruptione
436 4075 739 4154 circumvenirentur,
760 4098 794 4140 se
812 4075 853 4140 ad
870 4099 944 4140 suos
962 4084 1153 4160 receperunt.
1183 4084 1215 4139 at
1232 4075 1281 4137 in-

259 4167 400 4244 teriores,
429 4169 503 4233 dum
525 4192 576 4247 ea,
603 4191 683 4252 quae
705 4193 724 4233 a
746 4169 1002 4255 Vercingetorige
1024 4171 1064 4234 ad
1086 4169 1280 4254 eruptionem

258 4271 441 4343 praeparata
454 4273 549 4340 erant,
569 4264 739 4347 proferunt,
759 4265 877 4348 priores
891 4264 994 4330 fossas
1008 4265 1143 4349 explent,
1162 4265 1279 4329 diutius

259 4352 292 4414 in
308 4351 357 4416 his
375 4353 467 4419 rebus
486 4357 738 4423 administrandis
762 4359 874 4424 morati
890 4359 976 4443 prius
1000 4382 1074 4424 suos
1093 4357 1279 4423 discessisse

259 4457 481 4530 cognoverrmt,
499 4470 593 4532 quam
611 4452 837 4517 munitionibus
855 4452 1147 4537 appropinquarent.
1184 4451 1228 4514 ita
1244 4471 1278 4514 re

209 4558 242 4606 83
260 4539 376 4607 insecta
388 4540 580 4627 inoppidum
592 4555 792 4611 reverterunt.
814 4545 863 4612 bis
877 4569 993 4632 magno
1006 4568 1078 4611 cum
1093 4545 1279 4610 detrimento
