2692 5206
434 794 552 852 count.
571 795 605 852 V.
623 794 741 850 43-46.
1058 781 1101 849 89

79 931 171 990 extra
189 921 386 998 munitiones,
409 940 531 1004 quaque
547 928 636 1006 parto
653 918 790 985 hostium
807 918 1035 985 confertissima
1052 929 1100 985 est

75 1021 141 1095 vis,
157 1039 198 1083 ea
213 1016 364 1101 irrumpit.
390 1037 430 1079 ne
447 1013 592 1080 Vorenus
610 1014 737 1097 quidem
754 1023 822 1077 tum
840 1013 921 1079 vallo
939 1036 1008 1080 sese
1026 1036 1100 1079 eon-

80 1113 176 1190 tinet,
207 1109 264 1176 sed
289 1109 429 1174 omnium
454 1109 571 1173 veritus
602 1107 861 1173 existimationem
891 1106 1097 1192 subsequitur.

79 1204 234 1272 mediocri
254 1203 355 1289 spatio
376 1202 483 1267 relicto
499 1202 593 1267 Pulio
614 1202 713 1287 pilum
728 1202 762 1266 in
779 1201 885 1267 hostes
902 1202 1038 1267 immittit
1054 1213 1101 1267 at-

80 1321 146 1385 que
163 1319 261 1362 unum
283 1319 323 1361 ex
344 1295 540 1361 multitudine
557 1306 789 1381 procurrentem
810 1294 924 1373 traicit3
947 1317 1010 1380 quo
1030 1317 1101 1382 per·

82 1414 182 1458 eusso
206 1401 240 1456 et
263 1390 439 1456 exanimato
465 1389 549 1454 hunc
580 1391 676 1456 scutis
706 1400 886 1475 protegunt,
921 1390 954 1453 in
978 1389 1100 1456 hostem

81 1486 146 1552 tela
162 1485 301 1550 universi
318 1484 474 1549 coniciunt
490 1506 591 1568 neque
609 1484 684 1548 dant
701 1484 895 1572 regrediendi
912 1483 1099 1550 facultatem.

80 1578 277 1665 transfigitur
294 1587 417 1642 scutum
429 1577 554 1642 Pulloni
573 1587 604 1641 et
621 1587 763 1642 verutum
776 1578 809 1641 in
827 1576 929 1642 balteo
946 1576 1099 1663 defigitur.
1163 1646 1166 1652 ,

80 1674 196 1739 avertit
212 1672 264 1737 hic
281 1693 374 1736 casus
391 1672 537 1758 vaginam
550 1682 583 1735 et
594 1671 733 1757 gladium
747 1671 877 1737 educere
890 1671 1014 1738 conanti
1027 1669 1102 1735 dex-

82 1778 165 1833 tram
174 1776 312 1831 moratur
324 1789 462 1843 manum,
481 1765 726 1851 impeditumque
739 1766 845 1832 hostes
859 1766 1099 1831 circumsistunt.

82 1861 237 1928 succurrit
253 1860 395 1926 inimicus
413 1860 458 1925 illi
475 1860 619 1925 Vorenus
642 1871 673 1925 et
689 1860 842 1926 laboranti
864 1859 1017 1925 subvenit.
1061 1860 1102 1924 ad

81 1955 168 2020 bunc
186 1977 220 2020 se
242 1954 406 2021 confestim
428 1954 596 2020 aPulione
622 1955 724 2020 omnis
746 1954 913 2019 multitudo
935 1953 1100 2019 convertit:

80 2049 172 2114 illum
189 2058 299 2114 veruto
316 2047 503 2113 arbitrantur
523 2049 670 2114 occisum.
714 2048 819 2136 gladio
840 2048 1013 2113 comminus
1034 2070 1101 2113 rem

80 2145 164 2231 gerit
182 2142 326 2209 Vorenus
349 2153 442 2226 atque
459 2164 522 2208 uno
544 2143 707 2207 interfecto
723 2142 859 2226 reliquos
880 2142 1008 2228 paulum
1029 2162 1102 2227 pro-

80 2237 185 2324 pellit3
210 2237 288 2301 dum
304 2236 448 2321 cupidius
465 2236 573 2313 instat,
595 2235 748 2301 inlocum
766 2236 905 2301 deiectus
922 2234 1101 2300 inferiorem

82 2330 231 2398 concidit.
275 2329 349 2395 huie
365 2353 473 2395 rursus
491 2331 701 2396 circumvento
723 2331 783 2395 fert
805 2330 979 2397 subsidium
996 2329 1099 2406 Pulla,

81 2436 179 2510 atque
194 2423 290 2490 ambo
302 2424 473 2490 incolumes
487 2425 697 2512 compluribus
710 2426 880 2491 intersectis
894 2448 1017 2491 summa
1029 2446 1100 2489 eum

80 2519 177 2584 laude
193 2540 264 2584 sese
281 2519 363 2584 intra
379 2519 564 2584 munitiones
582 2520 743 2606 recipiunt.
779 2521 824 2585 sie
841 2520 966 2585 fortuna
978 2519 1011 2583 in
1028 2540 1102 2584 con-

82 2614 220 2679 tentione
243 2623 274 2679 et
295 2615 462 2678 certamino
483 2625 649 2698 utrumque
675 2616 824 2691 versavit,
851 2625 886 2679 ut
911 2615 988 2679 alter
1014 2613 1102 2678 alteri

80 2707 228 2772 inimicus
251 2707 366 2772 auxilio
388 2708 540 2791 salutique
562 2719 660 2786 esset,
683 2730 784 2792 neque
806 2707 966 2773 diiudicari
984 2715 1101 2791 posset,

80 2812 152 2866 uter
169 2800 232 2865 utri
248 2800 361 2865 virtute
379 2800 597 2867 anteferendus
615 2803 779 2867 videretur.

146 2894 277 2978 Quanto
294 2905 361 2960 erat
377 2895 409 2959 in
422 2896 488 2960 dies
501 2896 626 2983 gravior
639 2907 732 2980 atque
746 2897 884 2982 asperior
901 2892 1101 2980 oppugnatio,
1120 2911 1153 2958 45

81 2998 115 3054 et
130 2989 269 3053 maxime
286 2988 370 3072 quod
387 3012 501 3075 magna
513 3000 600 3075 parte
613 2990 746 3054 militum
764 2990 906 3057 confecta
922 2986 1102 3054 vulneribus

80 3106 133 3149 rea
150 3083 194 3149 ad
210 3084 397 3169 paucitatem
410 3084 609 3149 defensorum
623 3095 815 3170 pervenerat,
834 3095 919 3150 tanto
934 3081 1102 3149 crebriores

10 3234 13 3239 .
81 3178 204 3243 litterae
226 3177 388 3260 nuntiique
406 3177 446 3242 ad
464 3178 631 3244 Caesarem
650 3179 862 3256 mittebantur3
880 3199 1013 3263 quorum
1030 3198 1102 3262 pars

81 3270 281 3358 deprehensa
297 3270 330 3335 in
347 3285 516 3356 conspectu
533 3283 708 3338 nostrorum
725 3273 858 3337 militum
876 3294 947 3337 cum
965 3270 1104 3335 cruciatu

82 3364 288 3431 necabuntur.
337 3376 403 3429 erat
428 3389 509 3431 unus
535 3367 618 3432 intus
645 3368 794 3446 Nervius,
821 3368 945 3432 nomine
966 3365 1102 3441 Vertioo‚

81 3460 154 3525 loeo
171 3469 265 3524 natus
284 3459 428 3537 honesto,
455 3461 509 3544 qui
526 3485 545 3525 a
562 3463 662 3547 prima
678 3463 839 3528 obsidione
861 3463 901 3527 ad
920 3461 1104 3527 Ciceronem

82 3553 267 3641 perfugerat
289 3576 440 3639 suamque
462 3556 492 3619 ei
508 3555 602 3620 fidem
619 3558 822 3643 praestiterat.
866 3556 917 3622 hic
940 3576 1030 3621 servo
1049 3575 1105 3638 spe

82 3647 237 3713 libertatis
249 3648 434 3734 magnisque
447 3651 613 3734 persuadet
626 3650 782 3735 praemiis,
801 3661 834 3715 ut
843 3650 960 3714 litteras
974 3647 1014 3712 ad
1024 3645 1106 3711 Cae·

83 3762 189 3807 sarem
206 3741 336 3807 deferat.
372 3742 499 3809 basille
517 3744 550 3808 in
566 3744 666 3810 iaculo
684 3745 819 3831 illigatas
837 3744 926 3809 effert
943 3753 974 3807 et
993 3739 1104 3806 Gallus

83 3835 167 3901 inter
187 3832 299 3902 Gallos
322 3837 389 3902 sine
414 3837 478 3902 ulla
505 3839 682 3924 suspicione
707 3849 850 3904 versatus
873 3839 913 3903 ad
936 3837 1105 3901 Caesarem

83 3930 238 4016 pervenit.
264 3929 305 3996 ab
323 3953 361 3997 eo
379 3932 419 3996 de
435 3932 582 4018 perieulis
600 3932 761 3999 Ciceronis
778 3933 973 4021 legionisque
991 3950 1106 4014 eogno-

85 4025 191 4090 seitur.
220 4024 340 4091 Cacsar
356 4026 491 4111 acceptis
509 4026 618 4092 litteris
636 4027 714 4093 hora
731 4028 850 4093 circiter
867 4025 1032 4091 undecima
1044 4021 1106 4086 diei
1123 4039 1157 4088 to

86 4118 192 4184 statim
207 4119 353 4183 nuntium
370 4119 403 4184 in
419 4119 604 4187 Bellovacos
622 4122 663 4185 ad
679 4120 726 4185 M.
739 4120 891 4186 Crassum
910 4130 1106 4205 quaestorem

87 4212 189 4290 mittit,
208 4213 298 4279 cuius
315 4213 446 4279 hiberna
463 4213 591 4279 aberant
608 4214 648 4280 ab
667 4238 704 4280 eo
721 4215 807 4280 milia
824 4238 974 4300 passuum
992 4208 1106 4277 XXV.

87 4303 174 4370 iubet
193 4307 299 4372 media
320 4320 412 4373 nocte
432 4308 589 4394 legionem
610 4309 765 4394 proficisci
787 4310 988 4393 celeriterque
1011 4307 1051 4371 ad
1073 4327 1107 4368 sc

90 4399 204 4465 venire.
247 4401 313 4466 exit
351 4422 423 4466 cum
449 4403 558 4467 nuntio
581 4401 727 4468 Crassus.
772 4404 902 4469 alterum
929 4404 969 4468 ad
991 4398 1108 4467 Gaium

89 4491 223 4559 Fabium
239 4494 378 4581 legatum
396 4496 503 4573 mittit,
531 4496 616 4560 utin
633 4496 831 4563 Atrebatium
852 4499 930 4562 fines
952 4496 1108 4582 legionem

90 4586 231 4668 adducat,
248 4611 311 4675 qua
329 4589 389 4655 sibi
406 4590 464 4656 iter
480 4590 658 4656 faciendum
677 4591 803 4657 sciebat.
831 4592 942 4676 scribit¹
955 4588 1107 4662 Labieno,
