2738 5272
181 702 246 767 330
533 710 648 764 BELLI
667 708 853 766 Aratum

183 837 273 922 copia
290 835 479 900 conscendit.
507 833 651 898 omnibus
669 834 703 899 in
720 832 857 896 exercitu
874 832 981 896 insciis
999 841 1034 896 et
1052 834 1228 917 requiren-

183 931 267 996 tibus
280 929 475 1015 imperatoris
489 927 651 992 consilium
666 949 780 1013 magno
793 936 879 990 metu
892 948 930 990 ac
946 926 1148 992 tristimonia
1161 929 1227 994 sol·

182 1023 387 1090 licitabantur.
424 1045 521 1108 parva
543 1022 625 1085 enim
648 1043 720 1085 cum
738 1021 827 1105 copia
845 1031 875 1084 et
893 1041 932 1084 ea
952 1020 1095 1085 tironum
1114 1043 1225 1105 neque

184 1118 267 1183 omni
287 1117 429 1202 exposita
445 1117 477 1181 in
495 1115 606 1179 Africa
628 1126 735 1180 contra
752 1137 883 1200 magnas
906 1114 1012 1199 copias
1031 1124 1064 1178 et
1082 1114 1224 1181 insidio-

184 1234 237 1277 sae
268 1212 401 1276 nationis
433 1210 665 1295 equitatumque
696 1208 954 1274 innumerabilem
985 1231 1020 1274 se
1048 1211 1223 1295 expositos

184 1305 331 1370 videbant
347 1327 448 1388 neque
466 1304 632 1387 quicquam
650 1303 752 1368 solatii
769 1303 802 1367 in
816 1302 990 1387 praesentia
1002 1325 1113 1387 neque
1127 1307 1222 1370 auxi·

182 1401 259 1463 lium
277 1401 310 1463 in
327 1421 454 1463 suorum
472 1398 600 1462 consilio
618 1398 755 1462 animum
770 1397 972 1462 advertebant
985 1396 1047 1461 nisi
1062 1399 1096 1461 in
1112 1399 1220 1483 ipsius

182 1493 376 1577 imperatoris
399 1492 500 1568 vultu,
527 1492 634 1576 vigore
656 1490 851 1575 mirabilique
873 1491 1041 1555 hilaritate:
1069 1493 1220 1557 animum

183 1587 266 1650 enim
284 1585 380 1650 altum
400 1599 431 1650 et
452 1596 588 1650 erectum
606 1607 680 1670 prae
699 1608 733 1649 se
755 1585 894 1671 gerebat.
939 1585 1011 1649 huic
1028 1588 1221 1669 acquiesce·

183 1679 258 1744 bant
284 1679 425 1744 homines
451 1689 482 1743 et
507 1680 540 1742 in
566 1680 634 1743 eius
657 1679 786 1742 scientia
808 1688 840 1742 et
861 1679 990 1744 consilio
1015 1679 1130 1744 omnia
1158 1681 1220 1746 sibi

135 1795 163 1841 rt
182 1773 332 1857 proclivia
348 1794 457 1837 omnes
474 1772 542 1837 fore
561 1773 735 1858 sperabant.
777 1771 896 1838 Cacsar
913 1796 976 1837 una
992 1784 1086 1837 nocte
1107 1775 1145 1838 in
1162 1798 1221 1840 na·

183 1867 274 1931 vibus
293 1876 478 1951 consumpta
494 1868 556 1931 iam
574 1867 661 1932 caelo
678 1867 801 1931 albente
819 1890 890 1931 curn
908 1867 1063 1952 proticisci
1081 1889 1220 1933 conare-

183 1971 241 2037 tur,
261 1960 363 2024 subito
381 1961 506 2024 navium
524 1984 606 2046 pars,
626 1961 665 2025 de
682 1983 745 2044 qua
759 1961 897 2038 timebat,
916 1983 956 2026 ex
974 1982 1079 2024 errore
1097 1963 1220 2027 eodem

183 2053 408 2118 conserebatur.
451 2054 511 2118 hac
527 2077 561 2119 re
579 2055 704 2140 cognita
723 2055 841 2119 Cacsar
859 2054 998 2118 celeriter
1014 2053 1055 2116 de
1074 2055 1220 2120 navibus

182 2147 314 2230 imperat
332 2169 440 2212 omnes
458 2148 565 2232 egredi
586 2163 679 2231 atque
697 2148 729 2211 in
746 2149 835 2212 litore
853 2159 988 2212 armatos
1001 2146 1147 2230 reliquos
1162 2149 1220 2213 ad·

184 2239 334 2303 venientis
353 2240 466 2305 milites
485 2252 674 2325 exspectare.
700 2241 806 2323 itaque
825 2241 891 2305 sine
909 2262 996 2305 mora
1013 2241 1157 2306 navibus
1173 2243 1220 2308 eis

183 2332 215 2395 in
232 2343 356 2417 portum
374 2334 505 2418 receptis
524 2347 555 2398 et
573 2335 710 2400 advectis
734 2335 865 2398 militurn
888 2335 1092 2417 equitumque
1112 2337 1220 2420 copiis

183 2449 290 2491 rursus
308 2428 349 2491 ad
367 2429 515 2513 oppidum
534 2429 709 2512 Ruspinam
726 2430 806 2492 redit
828 2441 920 2511 atque
938 2428 981 2492 ibi
1004 2429 1119 2492 castris
1141 2453 1221 2495 con-

184 2521 298 2584 stitutis
316 2521 383 2605 ipse
402 2545 473 2586 cum
491 2523 670 2588 cohortibus
690 2522 841 2607 expeditis
855 2522 965 2585 XXX
983 2522 1220 2588 frumentatum

184 2626 232 2678 est
258 2617 427 2699 profectus.
472 2639 512 2680 cx
537 2638 575 2680 eo
602 2626 649 2681 cst
676 2616 834 2700 cognitum
859 2615 1003 2680 Caesaris
1031 2617 1220 2695 consilium,

183 2709 269 2773 illum
287 2731 358 2773 cum
376 2710 476 2773 classe
490 2710 623 2775 navibus
638 2710 794 2784 onerariis,
814 2731 894 2792 quac
909 2710 1115 2786 deerrassent,
1140 2713 1221 2777 sub-

184 2804 263 2868 sidio
280 2803 324 2866 ire
343 2804 423 2867 clam
437 2804 580 2868 hostibus
595 2804 741 2879 voluisse,
760 2826 799 2866 ne
814 2826 889 2867 casu
903 2803 1117 2887 imprudentes
1136 2827 1221 2872 suae

184 2920 278 2961 naves
292 2898 324 2961 in
338 2897 471 2961 classem
486 2898 732 2962 adversariorum
747 2897 927 2971 inciderent,
947 2918 1046 2979 neque
1056 2918 1131 2960 eam
1147 2923 1221 2964 rem

183 3014 236 3055 cos
255 2992 391 3057 voluisse
410 2993 498 3068 scire,
517 2994 571 3075 qui
589 2993 620 3056 in
638 2991 799 3075 praesidiis
818 2991 916 3054 relicti
935 2991 982 3055 sui
998 2990 1112 3054 milites
1134 2993 1221 3059 suis·

183 3096 265 3160 sent,
288 3108 328 3148 ne
346 3085 377 3148 hi
397 3095 523 3169 propter
542 3108 668 3150 suorum
686 3085 874 3169 paucitatem
896 3098 926 3149 et
948 3084 1086 3147 hostium
1105 3088 1221 3152 multi·

183 3178 321 3241 tudinem
339 3192 424 3242 motu
442 3179 618 3244 deficerent.

135 3297 163 3341 ta
246 3272 374 3336 Interim
402 3295 473 3335 cum
500 3275 561 3337 iam
587 3274 706 3339 Caesar
731 3294 917 3357 progressus
945 3282 1028 3337 esset
1049 3295 1070 3334 a
1098 3278 1219 3342 castris

182 3367 303 3431 circiter
324 3367 409 3430 milia
431 3390 583 3451 passuum
605 3369 670 3445 Ill,
698 3390 754 3452 per
777 3366 986 3451 speculatores
1010 3376 1040 3429 ct
1066 3378 1221 3434 anteces-

183 3482 269 3525 sores
288 3461 407 3543 equites
426 3463 585 3525 nuntiatur
608 3463 636 3526 ci
659 3462 765 3546 copias
788 3460 924 3523 hostium
948 3460 1032 3523 haud
1053 3458 1154 3545 longe.
1175 3463 1219 3529 ab

183 3576 253 3619 seso
270 3555 364 3619 visas.
410 3566 440 3618 et
458 3557 582 3620 hercule
600 3578 671 3619 cum
690 3554 853 3618 conantio
875 3553 978 3637 pulvis
1001 3554 1114 3637 ingens
1133 3578 1219 3621 con·

183 3648 262 3733 spici
284 3660 412 3734 coeptus
435 3661 492 3713 cst.
536 3650 650 3714 haere
673 3648 796 3733 cognita
819 3646 939 3711 Cacsar
961 3647 1101 3710 celeriter
1123 3649 1220 3716 iubet

183 3743 354 3825 equitatum
377 3744 572 3819 universum,
600 3744 688 3806 cuius
712 3741 959 3825 copiamhabuit
981 3740 1219 3823 inpraesentia

184 3859 245 3899 non
263 3859 423 3921 magnam,
442 3847 473 3900 ct
491 3837 681 3921 sagittarios,
699 3858 833 3918 quorum
850 3857 965 3919 parvus
984 3856 1151 3912 numerus,
1173 3861 1216 3902 ex

184 3930 293 3994 castris
312 3931 453 3994 arcessiri
471 3941 563 4012 atque
582 3931 745 3993 ordinatim
765 3929 855 4013 signa
873 3951 907 3992 se
921 3928 1029 3991 leniter
1042 3933 1216 4012 consequi3

184 4024 251 4108 ipse
268 4025 450 4087 antecedere
469 4047 540 4088 cum
558 4024 666 4109 paucis
685 4024 821 4087 arinatis.
866 4024 990 4105 iamque
1009 4045 1079 4086 cum
1098 4028 1217 4107 procul

184 4116 282 4180 hostis
301 4118 438 4201 conspici
460 4132 579 4202 posset,
607 4117 720 4180 milites
744 4117 777 4178 in
800 4139 910 4200 campo
933 4116 1019 4180 iubet
1040 4116 1162 4201 galcari
1183 4135 1216 4184 et

184 4210 225 4273 ad
250 4232 319 4274 eam
346 4234 484 4296 pugnam
510 4212 625 4296 parari3
657 4233 788 4293 quorum
814 4211 941 4274 omnino
972 4232 1121 4274 numerus
1150 4212 1215 4276 suit

184 4303 294 4366 XXX
316 4306 487 4369 cohortium
511 4329 582 4369 cum
605 4303 760 4387 equitibus
785 4303 918 4380 CCCC,
947 4303 1115 4388 sagittariis
1135 4304 1212 4370 CL.

138 4420 167 4467 13
184 4396 290 4460 hostes
308 4398 440 4474 interim,
459 4421 590 4481 quorum
609 4400 673 4462 dux
691 4409 757 4462 erat
770 4398 931 4462 Labienus
950 4407 981 4460 et
998 4397 1060 4460 duo
1074 4396 1211 4476 Pacidii‚

185 4492 282 4556 aciem
292 4491 428 4576 dirigunt
443 4491 614 4556 mirabilem
628 4491 660 4555 in
674 4491 899 4577 longitudinem
909 4514 971 4555 non
983 4491 1134 4574 peditum,
1151 4494 1212 4557 sed
