2738 5272
481 759 608 818 CAPUT
626 758 745 815 31-34.
1049 747 1114 815 305

95 896 280 952 testamento
298 883 464 970 scripserat
485 895 577 967 atquc
600 881 772 948 obtestatus
794 893 860 948 erat
881 883 1032 970 populum
1050 883 1114 950 Ro-

94 1003 234 1055 manum,
262 1002 301 1043 ne
323 989 524 1042 mutarentur.
565 999 637 1041 nam
660 975 775 1040 maiore
798 997 836 1039 ex
859 975 980 1042 duobus
997 979 1113 1064 pueris,

93 1097 176 1160 rege,
196 1074 312 1138 amisso
330 1071 441 1135 minori
459 1071 584 1135 tradidit
601 1093 733 1156 regnum
751 1068 920 1153 maiorique
938 1093 977 1134 ex
991 1072 1114 1138 duabus

93 1169 175 1245 filiis,
195 1166 390 1251 Cleopatrae,
409 1188 489 1248 quae
508 1175 664 1228 manserat
677 1163 709 1226 in
722 1161 782 1226 fide
796 1164 1019 1248 praesidiisque
1033 1166 1113 1231 eius:

93 1262 253 1337 minorem,
273 1259 439 1334 Arsinoen,
459 1258 547 1321 cuius
566 1257 690 1321 nomine
704 1256 758 1320 diu
771 1278 917 1342 regnasse
931 1257 1115 1344 impotenter

94 1353 300 1439 Ganymeden
318 1352 495 1426 docuimus,
514 1350 667 1414 deducere
685 1373 724 1415 cx
741 1372 837 1436 regno
855 1350 976 1428 statuit,
995 1374 1034 1416 ne
1052 1374 1116 1436 qua

93 1472 201 1514 rursus
224 1470 305 1513 nova
327 1446 496 1522 dissensio,
524 1444 705 1529 priusquam
727 1444 926 1510 diuturnitate
953 1444 1116 1512 confirma·

93 1554 199 1608 rentur
215 1541 343 1627 regibus
361 1540 500 1625 imperia,
518 1561 575 1624 per
591 1538 731 1604 homines
750 1537 912 1603 seditiosos
927 1552 1114 1605 nasceretur.

93 1637 232 1723 legiones
250 1635 294 1700 ibi
312 1646 458 1702 veterana
476 1644 565 1699 sexta
583 1655 688 1699 secum
706 1633 833 1697 reducta
850 1644 967 1700 ceteras
981 1634 1114 1718 reliquit,

94 1753 156 1813 (pun
173 1729 292 1793 firmius
311 1739 394 1793 essct
412 1750 518 1793 eorum
533 1750 643 1813 regum
656 1726 829 1811 imperium,
847 1727 900 1810 qui
914 1750 1014 1812 neque
1030 1752 1116 1793 amo-

94 1847 159 1887 rem
178 1845 305 1887 suorum
323 1822 437 1887 habere
455 1833 611 1908 poterant,
634 1821 719 1905 quod
736 1820 866 1885 fideliter
882 1833 1116 1906 permanserant

94 1919 125 1981 in
145 1917 290 1982 Caesaris
309 1917 453 1993 amicitia,
472 1937 573 2000 neque
592 1915 755 1980 vetustatis
773 1916 988 1981 auctoritatem
1005 1917 1114 2002 paucis

94 2011 204 2076 diebus
226 2033 317 2096 reges
340 2010 509 2075 constituti.
546 2009 639 2073 simul
663 2008 703 2074 ad
725 2009 845 2094 imperii
867 2011 963 2074 nostri
981 2011 1115 2097 dignita-

95 2118 155 2169 tem
175 2105 400 2188 utilitatemque
418 2103 576 2189 publicam
594 2104 746 2188 pertinere
769 2103 978 2181 existimabat,
1002 2104 1029 2169 si
1046 2128 1116 2189 per·

94 2209 253 2263 manerent
270 2200 301 2262 in
319 2199 381 2262 fide
398 2220 503 2284 reges,
530 2197 692 2282 praesidiis
716 2220 770 2262 cos
791 2196 905 2261 nostris
928 2220 997 2263 esse
1016 2209 1114 2275 tutos;

94 2293 121 2356 si
139 2303 243 2357 essent
261 2291 389 2378 ingrati,
415 2313 509 2376 posse
526 2291 625 2355 isdem
643 2291 806 2375 praesidiis
825 2291 969 2355 coerceri.
1005 2291 1050 2356 sic
1068 2313 1115 2356 re-

94 2385 153 2450 bus
172 2384 316 2450 omnibus
335 2384 484 2450 confectis
503 2397 533 2448 et
551 2384 708 2449 collocatis
730 2384 798 2469 ipse
822 2383 945 2470 [itinere
962 2381 1113 2471 terrestri]

95 2479 252 2563 profectus
270 2479 367 2542 estin
387 2477 521 2564 Syriam.

160 2571 246 2634 Dum
264 2571 341 2635 haec
359 2571 391 2635 in
406 2571 553 2657 Aegypto
567 2583 725 2656 geruntur,
744 2594 800 2635 rex
813 2570 981 2635 Deiotarus
995 2571 1035 2635 ad
1048 2570 1116 2634 Do·
1134 2591 1166 2640 tte

96 2666 216 2729 mitium
236 2663 416 2740 Calvinum,
435 2668 484 2729 cui
503 2664 621 2730 Caesar
638 2666 750 2730 Asiam
768 2664 975 2748 finitimasque
992 2664 1117 2748 provin·

96 2760 159 2822 cias
174 2759 433 2822 administrandus
447 2758 623 2835 tradiderat,
637 2760 722 2823 venit
735 2770 866 2835 oratum,
880 2780 919 2821 ne
933 2757 1114 2821 Armeniam

96 2854 256 2928 minorem,
271 2874 401 2938 regnum
417 2875 517 2928 suum,
532 2875 610 2918 neve
626 2852 867 2938 Cappadociam,
883 2873 1014 2936 regnum
1023 2850 1117 2914 Ario-

96 2946 252 3020 barzanis,
275 2945 428 3031 possideri
446 2947 623 3030 vastarique
641 2957 798 3031 pateretur
814 2969 833 3009 a
850 2944 1027 3021 Pharnacc3
1053 2966 1116 3027 quo

95 3040 177 3103 malo
203 3040 261 3103 uisi
290 3039 504 3116 liberarentur,
531 3040 681 3124 imperata
705 3039 864 3104 sefacere
890 3037 1115 3123 pecuniamque

94 3135 278 3219 promissam
299 3133 428 3198 Caesari
450 3157 511 3199 non
535 3156 628 3218 posse
650 3133 835 3219 persolvere.
871 3132 1030 3197 Domitius
1053 3155 1115 3196 non

95 3239 212 3291 tantum
232 3229 271 3291 ad
286 3227 486 3313 explicandos
500 3240 642 3313 sumptus
656 3229 700 3292 rei
714 3227 854 3292 militaris
869 3248 940 3290 cum
953 3226 1117 3311 pecuniam

95 3322 302 3385 necessariam
325 3344 395 3387 esse
417 3321 580 3398 iudicaret,
609 3321 665 3386 sed
688 3322 780 3385 etiam
804 3333 893 3406 turpe
916 3320 1031 3406 populo
1052 3319 1117 3384 Ro-

95 3438 187 3479 niano
206 3426 235 3478 et
255 3415 292 3479 C.
313 3413 442 3480 Caesari
466 3417 573 3480 victori
596 3416 716 3500 sibique
740 3416 857 3481 infame
876 3438 945 3481 esse
969 3425 1117 3479 statueret

95 3526 196 3593 regna*
209 3509 363 3572 sociorum
381 3522 474 3593 atque
496 3511 665 3575 amicorum
680 3510 719 3575 ab
734 3521 861 3575 externo
874 3532 948 3594 rege
962 3507 1115 3593 occupari,

96 3603 218 3665 nuntios
238 3602 401 3666 confestim
423 3603 464 3667 nd
481 3603 675 3668 Pharnacem
699 3605 796 3680 misit,
823 3603 974 3667 Armenia
993 3601 1117 3686 Cappa-

95 3696 245 3778 dociaque
268 3696 430 3760 decederet
452 3720 530 3761 neve
557 3698 759 3784 occupatione
785 3697 857 3761 belli
884 3696 983 3760 civilis
1009 3694 1116 3779 populi

94 3790 228 3854 Romani
251 3791 301 3854 ius
320 3791 575 3874 maiestatemque
598 3803 772 3877 temptaret
808 3791 889 3855 hanc
910 3783 1117 3855 denuntiatio-

96 3906 166 3946 nem
185 3906 256 3946 cum
274 3885 422 3949 maiorem
441 3885 505 3947 rim
523 3884 699 3949 habituram
717 3886 921 3960 existimaret,
945 3884 972 3948 si
989 3882 1116 3968 propius

96 3999 148 4039 eas
175 3977 317 4062 regiones
345 4000 417 4042 curn
439 3978 576 4042 exercitu
598 3980 797 4055 accessisset,
824 3978 864 4043 ad
885 3978 1024 4063 legiones
1046 3998 1118 4062 pro·

95 4071 196 4134 fectus
214 4093 308 4134 unam
327 4094 366 4135 ex
384 4071 483 4136 tribus
496 4071 656 4136 XXXVI
670 4096 777 4137 secum
795 4072 889 4148 ducit,
909 4072 987 4134 duas
1005 4069 1037 4133 in
1051 4067 1117 4134 Ae-

95 4175 226 4249 gyptum
245 4166 285 4229 ad
299 4165 468 4230 Caesarem
483 4166 575 4230 mittit
593 4167 702 4230 litteris
721 4167 788 4231 cius
806 4176 966 4242 evocatam
985 4186 1117 4247 quarum

95 4258 191 4321 altera
207 4258 239 4321 in
257 4258 339 4323 bcllo
356 4259 570 4323 Alexandrino
589 4283 650 4324 non
668 4260 810 4336 occurrit,
828 4259 912 4343 quod
929 4258 1038 4322 itincre
1057 4268 1117 4321 ter-

95 4352 183 4415 restri
205 4374 261 4436 per
284 4351 408 4437 Syriam
436 4367 501 4418 crat
527 4354 631 4418 missa
676 4354 818 4438 adiungit
842 4349 932 4438 [Cn]
956 4350 1116 4416 Domitius

94 4443 208 4529 legioni
226 4445 385 4510 XXXVI
399 4447 477 4512 duas
496 4446 535 4511 ab
550 4446 710 4523 Deiotaro,
729 4469 808 4530 quas
826 4447 876 4511 illc
895 4445 1058 4530 disciplina
1071 4455 1117 4509 at-

94 4564 154 4623 quc
173 4552 328 4605 armatura
345 4553 450 4606 nostra
468 4543 642 4628 complures
661 4564 758 4606 annos
773 4541 956 4606 constitutas
970 4539 1115 4613 habebat,

149 4640 212 4683 latim
223 4641 312 4684 Cacsar.
912 4641 947 4692 ‘20
