2738 5272
873 420 884 445 Ι

140 739 202 803 396
526 751 772 807 FRAGMENTA.

140 872 245 926 Caesar
255 873 283 927 X
293 872 349 926 kal.
360 872 463 926 sentire
474 873 584 927 ltaliam
595 872 771 927 existimavit.
795 872 904 926 Illkal.
914 871 1033 941 regiain
1045 878 1172 942 pectore

139 949 229 1002 leonis
248 950 332 1002 stella
350 950 485 1003 matutIno
505 948 619 1003 Caesari
637 949 762 1019 emergit.
798 948 869 1003 VIII
887 949 924 1002 id.
939 949 1013 1017 Aug.
1032 955 1171 1002 arcturus

139 1025 247 1079 medius
267 1025 371 1078 occidit
403 1025 446 1079 III
459 1026 522 1079 idus
537 1024 652 1079 fidicula
671 1041 776 1078 occasu
791 1043 841 1079 suo
857 1031 1020 1079 autumnum
1034 1025 1170 1092 inchoat,

139 1102 179 1155 nti
197 1103 221 1155 is
240 1103 366 1156 adnotat.
408 1105 474 1156 laid.
493 1104 540 1170 31,
558 1103 621 1156 309:
645 1103 777 1172 Sequitur
795 1119 829 1155 er
847 1102 984 1156 divisione
1004 1109 1171 1173 temporum

139 1186 289 1232 autumnus
303 1196 320 1233 a
334 1177 465 1233 fidiculae
476 1196 580 1233 occasu
594 1179 630 1233 ad
641 1179 849 1249 aequinoctium
864 1195 898 1232 ac
913 1178 1016 1232 deinde
1030 1179 1169 1248 vergilia-

140 1273 200 1308 rum
220 1271 349 1310 occasum
369 1255 533 1326 initiumque
552 1255 659 1309 hiemis.
698 1256 728 1309 in
750 1255 794 1308 his
817 1255 973 1308 intervallis
998 1254 1172 1325 significant

138 1331 228 1401 pridie
243 1331 279 1384 id.
294 1331 367 1400 Aug.
379 1332 489 1385 Atticae
504 1349 593 1402 equus
608 1332 702 1385 oriens
716 1332 840 1401 vesperi,
859 1330 992 1402 Aegypto
1007 1339 1036 1385 et
1045 1330 1169 1388 Caesari

138 1407 289 1477 delphinus
300 1408 440 1462 occidens.
464 1409 506 1462 XI
515 1408 571 1461 kal.
582 1408 659 1476 Sept.
672 1407 786 1462 Caesari
797 1415 826 1461 et
834 1407 969 1477 Assyriae
980 1409 1076 1477 stella,
1093 1427 1170 1480 quae

137 1484 306 1538 vindemitor
324 1485 498 1555 appellatus,
518 1485 620 1538 exoriri
638 1501 718 1538 mane
734 1484 832 1554 incipit
846 1484 1003 1538 vindemiae
1017 1487 1168 1540 maturita-

137 1568 192 1615 tem
202 1562 377 1631 promittens.
395 1561 421 1615 V
430 1561 470 1615 id.
479 1560 675 1630 Sept.Caesari
687 1562 797 1630 capella
808 1561 896 1614 oritur
905 1563 1170 1631 vesperi,areturus

136 1654 204 1692 vero
214 1639 322 1692 medius
332 1638 422 1708 pridie
433 1638 495 1691 idus
510 1638 754 1691 vehementissimo
770 1636 931 1706 significatu
944 1644 1021 1691 terra
1034 1641 1169 1711 marique

136 1730 188 1784 per
198 1714 258 1768 dles
269 1716 401 1786 quinque.
428 1715 496 1769 XVI
507 1714 563 1768 kal.
574 1713 634 1768 Oct.
644 1714 777 1785 Aegypto
789 1715 876 1783 spica,
888 1731 970 1784 quam
980 1721 1062 1768 tenet
1074 1716 1170 1786 virgo,

137 1790 261 1844 exoritur
275 1793 425 1859 matutino,
445 1792 607 1861 etesiaeque
623 1791 762 1845 desinunt.
799 1792 853 1844 hoe
868 1791 942 1844 idem
957 1790 1078 1845 Caesari
1094 1793 1168 1847 XIV

137 1867 289 1937 kalendas,
307 1869 377 1922 XIII
392 1869 528 1938 Assyriae
541 1867 703 1937 significant
717 1874 746 1922 et
759 1868 801 1921 XI
816 1867 872 1921 kal.
883 1866 945 1920 Oet.
959 1866 1076 1922 Caesari
1093 1886 1169 1923 com-

138 1945 258 1998 missura
276 1945 394 2014 piscium
414 1946 548 2000 occidens
566 1946 713 2015 ipsumque
733 1944 904 2015 aequinoctii
924 1944 1001 1997 sidus
1020 1945 1095 1999 VIII
1111 1946 1168 2000 kal.

137 2021 199 2075 Oct.
235 2023 298 2075 Ibid.
310 2024 333 2088 ξ.
343 2022 404 2075 312:
423 2021 538 2075 Caesari
547 2021 573 2075 V
582 2038 648 2075 non.
659 2020 720 2076 Oct.
731 2021 886 2075 heniochus
902 2021 1006 2074 occidit
1015 2023 1168 2078 matutino.

137 2096 195 2151 IIII
206 2114 271 2152 non.
282 2097 344 2152 Oct.
355 2096 470 2152 Caesari
487 2114 592 2152 corona
607 2099 707 2151 exoriri
724 2098 822 2167 incipit
837 2104 866 2150 et
875 2097 1012 2166 postridie
1027 2099 1171 2154 occidunt

138 2174 220 2228 haedi
230 2175 348 2244 vesperi.
383 2175 454 2227 VIII
464 2174 500 2227 id.
512 2175 575 2227 Oet.
584 2172 697 2228 Caesari
709 2175 821 2244 fulgens
837 2175 865 2226 in
876 2191 981 2227 corona
996 2175 1086 2229 stella
1100 2194 1168 2230 exo-

136 2251 206 2303 ritur
215 2256 244 2304 et
253 2251 293 2305 Vl
303 2249 365 2303 idus
380 2250 515 2320 vergiliae
529 2251 652 2320 vesperi,
671 2251 765 2304 idibus
780 2269 885 2305 corona
900 2256 968 2304 tota.
1004 2251 1095 2306 XVII
1111 2253 1169 2308 kal.

137 2327 286 2381 Novembr.
310 2325 423 2380 suculae
451 2327 560 2396 vesperi
589 2328 723 2380 oriuntur.
767 2328 858 2397 pridie
880 2327 1018 2381 kalendas
1045 2327 1169 2384 Caesari

137 2410 263 2457 arcturus
274 2404 379 2456 oceidit
393 2408 422 2456 et
437 2405 551 2458 suculae
567 2403 731 2457 exoriuntur
746 2422 808 2458 eum
824 2405 894 2457 sole.
931 2404 972 2458 IV
985 2421 1081 2458 nonas
1094 2407 1169 2461 Nor.

136 2487 264 2534 arcturus
287 2480 389 2533 occidit
411 2480 529 2548 vesperi.
568 2481 594 2534 V
613 2480 649 2532 id.
670 2481 741 2534 Nov.
765 2481 877 2550 gladius
896 2480 1008 2534 Orionis
1028 2483 1167 2538 occidere

135 2556 243 2625 incipit
279 2556 379 2610 deinde
394 2556 437 2609 IlI
450 2557 515 2609 idus
529 2557 664 2626 vergiliae
679 2557 819 2610 occidunt.

186 2633 232 2686 Ab
242 2632 297 2686 hoc
309 2634 342 2686 de
353 2634 436 2686 astris
447 2634 518 2687 libro
529 2633 625 2687 nescio
636 2651 671 2687 an
683 2633 810 2687 diversus
826 2633 862 2686 sit
877 2633 965 2687 liber
974 2633 1084 2687 Festo
1092 2653 1166 2689 rum

137 2710 195 2764 sive
218 2710 258 2763 de
272 2709 544 2779 computatione,
573 2727 656 2778 quem
679 2715 877 2763 commemorat
895 2712 981 2762 Salat.
1001 2710 1109 2765 Lucan.
1130 2713 1167 2767 X.

136 2787 198 2841 185:
226 2787 333 2839 Probat
350 2787 386 2840 ab
407 2784 520 2848 effectu,
545 2786 621 2856 quod
644 2802 709 2839 vere
734 2786 859 2838 intentus
883 2784 981 2852 fuerit,
1005 2786 1075 2855 quia
1097 2807 1166 2841 suus

137 2862 292 2932 [Caesaris]
309 2863 393 2929 liber,
413 2879 496 2932 quem
511 2861 668 2930 composuit
682 2863 717 2915 de
728 2863 949 2930 computatione,
968 2878 1027 2914 non
1042 2863 1167 2918 inferior

136 2939 208 2991 libro
228 2939 338 2991 Eudoxi
358 2938 406 3003 sit3
430 2948 453 2990 et
472 2941 507 2990 ad
524 2957 561 2990 vs.
581 2939 642 2991 187:
669 2937 722 2991 Est
741 2947 833 2991 autem
852 2938 925 2992 liber
942 2937 1083 2993 fastorum
1097 2941 1166 2994 Divi

136 3015 198 3067 lulii
209 3012 352 3076 Caesaris,
372 3014 419 3083 qui
430 3015 635 3067 ordinationem
650 3015 779 3067 continet
792 3015 945 3067 secundum
960 3017 1166 3071 auctoritatem

135 3091 349 3155 Chaldaeorum,
357 3106 437 3158 quem
448 3090 476 3142 in
487 3090 727 3144 senatureeitavit.
742 3093 827 3144 Schol.
836 3091 933 3157 Guelfit
942 3091 1165 3147 Eudoxusenim

135 3167 171 3219 ad
182 3182 292 3217 cursum
304 3182 382 3216 suum
393 3172 458 3231 post
467 3165 537 3217 VIII
547 3183 637 3219 annos
649 3166 736 3221 solem
751 3167 853 3221 reverti
868 3168 935 3220 dicit
945 3174 973 3220 et
983 3167 1045 3236 ipse
1056 3185 1166 3223 annum

134 3257 280 3308 magnum3
299 3237 383 3292 Caius
394 3256 458 3293 vero
469 3240 649 3310 Caesarpost
658 3243 892 3314 quinquennium,
912 3260 966 3312 quo
981 3251 1102 3311 peracto
1120 3246 1165 3300 bis

136 3323 243 3369 sextum
253 3333 315 3369 esse
326 3317 471 3385 praecepit
481 3324 509 3372 et
520 3318 618 3371 melius
633 3335 737 3373 annum
747 3321 823 3374 visus
833 3327 876 3374 est
887 3326 1077 3388 computasse.

473 3496 711 3557 Anticatones
734 3499 813 3560 duo.

188 3627 256 3679 Suet.
273 3626 346 3679 Caes.
361 3625 407 3679 56:
426 3625 553 3696 Reliquit
568 3627 645 3680 etde
661 3629 794 3696 analogia
809 3631 879 3682 duos
893 3628 982 3681 libros
1000 3633 1030 3682 et
1043 3627 1162 3685 Antica-

134 3709 216 3754 tones
227 3703 343 3755 totidem
353 3719 386 3756 ae
397 3709 545 3771 praeterea
554 3706 668 3771 poema,
686 3706 761 3773 quod
772 3706 932 3759 inscribitur
942 3706 1001 3759 iter.
1039 3723 1162 3774 quorum

135 3778 270 3831 librorum
280 3779 385 3847 primos
399 3779 427 3831 in
443 3779 562 3832 transitu
573 3780 700 3849 Alpium,
721 3800 782 3834 cum
797 3800 830 3834 er
844 3783 972 3836 citeriore
985 3781 1081 3837 Gallia
1092 3801 1161 3837 con-

135 3854 265 3907 ventibus
284 3856 406 3923 peractis
426 3856 463 3908 ad
481 3856 632 3909 exercitum
650 3857 769 3924 rediret,
794 3865 945 3927 sequentes
969 3859 1020 3911 sub
1046 3866 1161 3930 tempus

135 3931 300 3984 Mundensis
314 3932 414 4001 proelii
429 3931 509 3995 fecit,
528 3931 722 4001 novissimum,
741 3935 806 3986 dum
822 3952 855 3988 ex
867 3935 935 3988 urbe
950 3935 978 3987 in
988 3934 1161 4003 Hispaniam

134 4007 295 4061 ulteriorem
306 4014 405 4077 quarto
417 4014 445 4061 ct
453 4008 585 4060 vicesimo
593 4008 638 4062 die
647 4011 816 4076 pervenit-
824 4013 892 4063 Plat.
900 4011 1026 4064 Caesel:
1040 4010 1161 4085 Ἔγραψε

134 4090 258 4150 Κικέρων
276 4085 411 4156 ἐγκώμιον
424 4086 555 4138 Κάτωνος
574 4082 660 4150 ὄνομα
674 4090 714 4152 τῷ
734 4085 806 4157 λόγῳ
827 4090 944 4155 θέμενος
957 4090 1092 4141 Κάτωνα·
1113 4099 1161 4142 καὶ

136 4159 245 4214 πολλοῖς
261 4159 275 4212 ὁ
289 4160 368 4230 λόγος
382 4152 415 4225 ἦν
429 4160 474 4212 διὰ
489 4158 621 4225 σπονδῆς,
640 4159 678 4216 ὠς
692 4164 775 4228 εἰκός,
794 4161 851 4216 ὑπὸ
861 4169 910 4215 τοῦ
926 4163 1089 4217 δεινοτάτου
1099 4173 1161 4218 ruis

135 4237 259 4304 ῥητόρων
269 4239 306 4291 εἰς
315 4237 365 4301 τὴν
374 4236 517 4302 καλλίστην
533 4245 723 4303 πεπονημένος
736 4239 883 4291 ὑπόθεσιν.
920 4246 1003 4293 τοῦτο
1017 4239 1081 4305 ἠνία
1091 4249 1161 4295 Kni-

136 4333 204 4380 cnpa
223 4320 387 4384 κατηγορίαν
406 4311 491 4364 αὑτοῦ
511 4320 658 4379 νομίζοντα
676 4315 727 4367 τὸν
745 4321 794 4368 τοῦ
818 4318 987 4381 τεθνηκότος
1014 4317 1048 4369 δι’
1069 4317 1161 4372 αὐτὸν

135 4392 257 4440 ἔπαινον.
293 4394 411 4460 ἔγραψεν
425 4381 475 4441 οὖν
494 4390 595 4446 πολλάς
608 4413 682 4447 τινος
696 4393 765 4444 κατὰ
780 4399 829 4445 τοῦ
846 4395 975 4449 Κάτωνος
989 4397 1078 4450 αἰτίας
1094 4415 1160 4447 ουν-

136 4466 256 4534 νγογων·
275 4465 307 4517 τὸ
322 4464 351 4517 δὲ
364 4467 474 4533 βιβλίον
483 4467 650 4518 Ἀντικάτων
665 4474 870 4541 ἐπιγέγραπται,
906 4473 978 4523 Idem
991 4472 1049 4522 ibid.
1065 4471 1095 4523 3:
1114 4472 1160 4524 Ἐν

137 4540 166 4592 cle'·
180 4545 212 4611 τῇ
227 4541 296 4609 πρὸς
305 4549 445 4611 Κικέρωνα
462 4551 523 4613 περὶ
534 4546 664 4599 Κάτωνος
678 4545 830 4619 ἀντιγραφῇ
842 4554 1012 4616 παραιτεῖται
1026 4547 1065 4613 μὴ
1075 4569 1160 4618 στρο-
