2692 5206
427 810 545 870 COMM.
562 812 586 868 1.
606 809 725 866 79-83.
1018 798 1080 865 211

61 938 308 1012 demonstratae,
333 935 450 1021 proelio
472 957 536 1000 non
557 934 682 998 lacessit
705 943 735 998 et
757 955 794 998 eo
812 934 862 998 die
883 934 1081 1001 tabernacula

61 1031 158 1097 statui
174 1051 289 1117 passus
307 1051 370 1093 non
388 1038 448 1104 est,
471 1050 533 1112 quo
551 1029 720 1112 paratiores
738 1038 843 1093 essent
860 1028 901 1092 ad
916 1029 1082 1115 insequen-

60 1125 138 1189 dum
164 1144 287 1199 omncs,
320 1122 384 1187 sive
410 1132 504 1186 noctu
530 1122 597 1185 sive
622 1120 756 1186 interdiu
785 1132 990 1206 erumperent.
1036 1123 1082 1187 illi

60 1217 280 1283 animadverso
301 1214 376 1280 vitio
398 1226 569 1280 castrorum
597 1224 661 1280 tota
686 1224 777 1280 noete
798 1215 985 1282 munitiones
1010 1239 1082 1303 pro-

60 1311 168 1376 ferunt
184 1320 348 1394 castraque
366 1309 475 1374 castris
493 1319 684 1374 convertunt.
712 1309 771 1373 hoe
787 1308 872 1373 idem
888 1319 1015 1395 postero
1031 1310 1082 1374 die

61 1430 82 1471 a
99 1406 201 1490 prima
217 1405 288 1469 luce
305 1403 423 1468 faciunt
445 1413 605 1487 totumque
627 1403 660 1466 in
676 1425 714 1467 ea
730 1424 764 1467 re
786 1402 868 1467 diem
887 1418 1081 1468 consumunt.

61 1500 120 1565 sed
132 1508 284 1582 quantum
294 1519 386 1582 opere
399 1508 613 1582 processerant
627 1508 657 1560 et
666 1507 768 1560 castra
779 1496 979 1581 protulerant,
997 1506 1082 1561 tanto

60 1591 193 1657 aberant
210 1590 251 1655 ab
269 1613 349 1674 aqua
365 1591 503 1677 longius,
522 1600 553 1656 et
569 1591 725 1676 praesenti
742 1591 824 1655 malo
841 1590 909 1655 aliis
927 1591 1018 1656 malis
1034 1613 1083 1655 re-

58 1687 166 1750 media
182 1683 344 1749 dabantur.
388 1685 489 1770 prima
505 1695 595 1750 nocte
612 1684 748 1766 aquandi
770 1705 864 1747 causa
884 1705 978 1748 nemo
995 1706 1083 1770 egre-

59 1779 146 1844 ditur
168 1800 208 1842 ex
230 1777 354 1854 eastris3
380 1778 521 1862 proximo
545 1778 595 1840 die
616 1776 771 1862 praesidio
794 1777 827 1839 in
849 1777 958 1842 castris
975 1777 1082 1841 relicto

58 1874 225 1938 universas
243 1872 284 1935 ad
301 1893 413 1955 aquam
431 1871 536 1957 copias
555 1872 705 1948 educunt,
730 1870 912 1956 pabulatum
934 1871 1083 1935 emittitur

58 1990 165 2032 nemo.
195 1965 246 2030 his
264 1987 318 2029 eos
337 1965 494 2050 supplices
512 1966 603 2030 malis
620 1964 735 2029 habere
755 1963 874 2030 Caesar
890 1974 922 2028 et
938 1985 1082 2029 necessa-

58 2062 141 2127 riam
163 2058 269 2124 subire
291 2059 480 2124 deditionem
502 2081 596 2142 qnam
618 2058 735 2144 proelio
757 2058 915 2123 decertare
936 2056 1081 2123 malebat.

59 2164 193 2220 conatur
209 2162 314 2216 tamen
331 2174 385 2217 eos
402 2152 485 2216 vallo
502 2153 649 2236 fossaque
668 2151 918 2228 circummunire,
936 2160 970 2214 ut
987 2171 1082 2234 quam
1120 2221 1125 2231 .

59 2247 198 2313 maxime
215 2245 392 2331 repentinas
411 2268 517 2310 corum
535 2246 712 2330 eruptiones
730 2245 920 2322 demoretur3
947 2266 1010 2328 quo
1026 2266 1082 2308 ne-

60 2342 198 2407 cessario
216 2341 420 2406 descensuros
439 2341 644 2405 existimabat.
674 2341 720 2405 illi
738 2352 768 2406 et
785 2341 892 2426 inopia
907 2338 1014 2426 pabuli
1027 2340 1081 2404 ad-

61 2435 147 2501 ducti
168 2445 201 2499 et
223 2455 285 2518 quo
307 2445 412 2499 essent
433 2435 472 2498 ad
498 2435 531 2498 id
553 2435 759 2519 expeditiores
786 2434 890 2499 omnia
915 2433 1082 2498 sarcinaria

61 2528 200 2593 iumenta
215 2526 346 2592 interfici
364 2527 480 2592 iubent.
524 2528 558 2591 in
575 2529 623 2593 his
647 2523 793 2613 operibus
816 2526 1015 2610 consiliisque
1032 2525 1080 2591 bi·
1097 2548 1130 2595 sa

63 2621 158 2686 duum
175 2621 383 2698 consumitur3
401 2621 491 2685 tertio
509 2621 559 2684 die
577 2644 691 2707 magna
707 2621 770 2685 iam
787 2643 860 2706 pars
879 2620 980 2705 operis
1000 2618 1081 2685 Cac-

64 2715 138 2780 saris
164 2725 368 2801 processerat.
417 2715 463 2779 illi
488 2715 704 2799 impediendae
726 2714 870 2796 ,reliquae
900 2713 1079 2777 munitionis

65 2830 157 2873 eausa
180 2808 260 2873 hora
284 2808 404 2873 circiter
428 2807 531 2874 VIIII
557 2809 647 2895 signo
673 2809 745 2872 dato
776 2807 915 2892 legiones
946 2807 1081 2870 educunt

67 2903 222 2987 aciemque
240 2901 299 2967 sub
317 2901 427 2967 castris
444 2903 608 2968 instruunt.
638 2901 757 2967 Caesar
774 2901 814 2965 ab
832 2922 924 2985 opere
941 2900 1080 2986 legiones

69 3006 195 3075 revocat,
213 2997 384 3080 equitatum
402 3020 525 3062 omnem
539 2997 703 3062 convenire
716 2995 812 3073 iubet,
831 2995 930 3059 aciem
942 2993 1079 3058 instruit:

10 3120 12 3129 ·
72 3100 169 3155 eonua
184 3091 362 3177 opinionem
380 3091 464 3155 enim
480 3091 612 3156 militum
630 3091 809 3174 famamque
827 3089 965 3154 omnium
981 3087 1081 3151 videri

74 3183 213 3266 proelium
229 3182 391 3270 defugisse
408 3206 558 3270 magnum
580 3185 800 3249 detrimentum
822 3182 980 3247 afferebat.
1025 3181 1081 3245 sed

77 3275 181 3341 eisdem
198 3276 238 3342 de
256 3278 369 3356 causis,
388 3300 468 3362 quae
486 3289 558 3343 sunt
571 3279 722 3364 cognitae,
741 3299 803 3361 quo
818 3277 920 3340 minus
934 3274 1080 3340 dimicare

79 3368 164 3448 vellet,
181 3371 373 3449 movebatur,
392 3382 485 3456 atque
502 3372 561 3436 hoc
575 3374 667 3437 etiam
680 3373 791 3458 magis,
809 3371 893 3455 quod
906 3370 998 3455 spatii
1010 3369 1079 3435 bre·

83 3462 145 3528 ritas
160 3466 252 3530 etiam
269 3465 302 3529 in
319 3465 429 3552 fugam
446 3466 593 3531 coniectis
611 3467 796 3531 adversariis
813 3489 876 3530 non
894 3464 1026 3528 multum
1040 3463 1081 3528 ad

86 3574 215 3623 summam
232 3558 379 3624 victoriae
396 3560 503 3624 iuvare
521 3570 649 3645 poterat
693 3582 757 3624 non
774 3559 857 3624 enim
875 3559 1008 3642 amplius
1025 3578 1080 3642 pe-

88 3645 144 3714 dum
155 3652 280 3719 milibus
298 3654 420 3718 duobus
438 3653 478 3718 ab
493 3653 601 3719 eastris
615 3664 716 3720 castra
729 3653 899 3718 distabant:
917 3652 989 3715 hinc
1002 3650 1080 3714 duas

89 3752 166 3820 pules
182 3746 265 3812 acies
282 3746 478 3833 occupabant
494 3748 588 3825 duae3
608 3747 697 3812 tertia
714 3746 846 3811 vacabat
863 3745 903 3810 ad
921 3745 1080 3808 incursum

91 3840 157 3917 *ἕψε
172 3839 321 3926 impetum
333 3841 466 3905 militum
478 3841 594 3906 relicta.
623 3841 649 3905 si
662 3841 814 3926 proelium
828 3839 1078 3914 committeretur,

91 3930 274 4018 lupnquiras
288 3945 460 4000 castrorum
474 3935 605 3999 celerem
616 3934 768 4020 superatis
782 3956 821 3998 ex
835 3934 912 4019 fuga
921 3940 1080 4017 receptum

92 4015 168 4091 labat
208 4029 268 4094 hac
284 4029 325 4093 de
343 4052 439 4094 causa
456 4030 657 4094 constituerat
674 4029 765 4115 signa
781 4027 986 4093 inferentibus
1003 4025 1081 4090 resi·

92 4121 159 4199 aare,
178 4125 264 4210 prior
283 4125 400 4212 proelio
423 4149 486 4190 non
507 4125 669 4190 lacessere.
714 4125 797 4188 acies
820 4132 885 4188 erat
905 4120 1080 4186 Afraniana
1097 4139 1129 4186 8³

92 4203 179 4295 duplex
192 4219 351 4306 legionum
364 4218 410 4298 V;
429 4220 553 4284 tertium
569 4220 602 4284 in
620 4217 767 4284 subsidiis
784 4216 889 4281 locum
901 4215 1014 4280 alariae
1028 4237 1080 4279 co·

92 4295 168 4374 luas
191 4312 385 4378 obtinebant:
413 4313 558 4379 Caesaris
586 4313 710 4398 triplex3
742 4311 797 4375 sed
824 4310 955 4394 primam
981 4309 1080 4374 aciem

92 4408 228 4499 lfsslernae
241 4407 385 4472 cohortes
399 4430 438 4472 ex
449 4407 482 4474 V
494 4407 669 4494 legionibus
684 4404 838 4480 tenebant,
856 4404 913 4469 has
927 4402 1080 4470 subsidia-

92 4505 136 4556 nte
149 4506 246 4564 ternae
264 4511 295 4565 ct
310 4523 418 4566 rursus
436 4502 514 4566 aliae
532 4502 661 4565 totidem
680 4521 754 4563 suae
775 4498 925 4582 cuiusque
946 4496 1078 4583 legionis

93 4581 346 4678 ultaquebantun
378 4596 527 4681 sagittarii
553 4595 786 4676 funditoresque
812 4592 915 4657 medin
941 4588 1076 4657 contine-

860 4692 910 4745 14*
