2738 5272
254 793 315 862 158
570 806 767 864 onnanno
786 804 955 864 canmco

252 931 419 997 multitudo
436 944 518 998 esset
536 930 774 997 Bellovacorum
791 930 916 1015 quodve
938 940 1022 996 esset
1039 931 1203 996 consilium
1221 955 1275 999 eo-

251 1048 335 1103 rnm,
357 1025 547 1090 inveniebat:
574 1024 758 1090 Bellovacos
777 1046 899 1102 omnes,
922 1024 977 1108 qui
994 1047 1081 1090 arma
1102 1025 1184 1090 ferre
1200 1048 1275 1112 pos-

252 1129 330 1196 sent,
349 1119 381 1183 in
398 1141 495 1185 unum
512 1120 616 1185 locum
634 1119 827 1196 convenisse,
846 1120 982 1202 itemque
1000 1117 1186 1196 Ambianos,
1204 1118 1275 1184 Au-

252 1211 365 1290 lercos,
394 1212 535 1291 Caletos,
562 1212 781 1290 Vclliocassis,
813 1212 998 1290 Atrebatas3
1033 1212 1138 1277 locum
1163 1215 1273 1279 castris

252 1307 411 1371 excelsum
436 1308 469 1370 in
496 1308 575 1372 silva
601 1307 791 1371 circumdata
812 1307 925 1392 palude
948 1306 1116 1392 delegisse,
1142 1307 1274 1392 impedi-

251 1417 357 1466 menta
377 1401 482 1466 omnia
506 1401 539 1465 in
564 1401 725 1465 ulteriores
752 1401 847 1466 silvas
875 1400 1052 1466 contulisse.
1097 1401 1273 1486 complures

252 1517 321 1559 esse
343 1495 498 1580 principes
524 1494 598 1559 belli
624 1505 779 1573 auctores,
807 1494 863 1560 sed
885 1495 1114 1559 multitudinem
1137 1495 1273 1560 maxime

254 1587 371 1654 Correo
397 1588 623 1673 obtemperare,
650 1590 735 1673 quod
761 1590 790 1655 ei
818 1613 940 1655 summo
967 1613 1037 1655 esse
1064 1591 1136 1656 odio
1159 1613 1273 1655 nomen

251 1685 359 1771 populi
375 1684 510 1751 Romani
527 1685 761 1749 intellexissent.
804 1685 914 1770 paucis
937 1697 1009 1748 ante
1030 1684 1142 1750 diebus
1166 1709 1206 1750 ex
1223 1685 1273 1750 his

252 1779 361 1844 castris
379 1776 564 1844 Atrebatem
587 1776 766 1844 Commium
788 1779 971 1844 discessisse
994 1780 1033 1843 ad
1056 1779 1171 1843 auxilia
1193 1776 1274 1844 Ger-

252 1897 414 1939 manorum
440 1874 637 1950 adducenda3
663 1897 796 1958 quorum
822 1885 854 1939 et
877 1874 1021 1938 vicinitas
1047 1875 1222 1960 propinqua
1243 1885 1274 1937 et

252 1968 417 2033 multitudo
443 1978 527 2032 essct
552 1968 681 2033 infinita.
731 1966 929 2034 constituisse
956 1980 1061 2033 autem
1086 1968 1273 2033 Bellovacos

252 2063 390 2127 omnium
407 2062 582 2147 principum
599 2085 765 2139 consensu,
784 2086 907 2127 summa
923 2062 1023 2147 plebis
1038 2062 1215 2147 cupiditate,
1235 2062 1272 2138 si,

251 2165 287 2219 ut
304 2155 465 2232 diceretur,
486 2155 605 2220 Caesar
622 2178 694 2221 cum
711 2156 810 2221 tribus
824 2156 1001 2241 legionibus
1015 2156 1143 2232 veniret,
1161 2155 1274 2220 offerre

252 2271 287 2314 se
305 2249 345 2313 nd
362 2249 587 2326 dimicandum,
610 2272 649 2314 ne
667 2250 826 2315 miseriore
844 2272 881 2315 ac
899 2251 1021 2314 duriore
1039 2260 1150 2335 postea
1166 2250 1275 2314 condi-

252 2342 341 2407 cione
359 2365 432 2407 cum
449 2352 513 2408 toto
532 2344 670 2408 exercitu
687 2345 844 2409 decertare
867 2355 1067 2429 cogerentu1·;
1095 2344 1122 2406 si
1140 2343 1273 2407 maiores

252 2438 358 2522 copias
377 2438 554 2516 adduceret,
571 2438 604 2501 in
618 2461 655 2502 eo
668 2439 738 2503 loco
751 2461 942 2523 permanere,
961 2460 1055 2520 quem
1072 2437 1272 2522 delegissent,

250 2529 450 2615 pabulatione
470 2544 584 2608 autem,
603 2554 683 2616 quae
701 2542 827 2618 propter
844 2532 918 2595 anni
935 2543 1058 2615 tempus
1073 2553 1145 2595 cum
1158 2531 1274 2616 exigua

252 2639 318 2688 tum
336 2625 466 2689 disiecta
483 2638 580 2702 essct,
607 2637 638 2690 ct
655 2625 895 2690 frumentatione
913 2635 944 2689 et
960 2625 1080 2707 reliquo
1098 2635 1274 2689 commeatu

217 2736 233 2785 8
252 2739 291 2782 ex
308 2719 429 2784 insidiis
447 2719 610 2805 prohibere
627 2720 797 2784 Romanos.
842 2741 922 2802 quae
941 2717 1060 2783 Caesar
1077 2719 1273 2782 consentien-

250 2812 334 2878 tibus
351 2813 492 2899 pluribus
512 2836 584 2879 cum
602 2824 769 2899 cognosset
786 2823 879 2896 atque
897 2835 949 2890 ea,
968 2834 1048 2896 quae
1066 2834 1275 2897 proponeren-

250 2918 309 2983 tur,
329 2908 458 2972 consilia
474 2907 568 2992 plena
580 2908 761 2992 prudentiae
775 2907 931 2991 longeque
946 2930 964 2970 a
978 2907 1148 2969 temeritate
1162 2904 1272 2970 barba·

250 3027 354 3068 rorum
367 3016 487 3068 remota
504 3025 573 3066 esse
587 3003 745 3078 iudicaret,
759 3002 904 3067 omnibus
926 3000 1020 3064 rebus
1041 3000 1273 3064 inserviendum

251 3093 372 3168 statuit,
400 3113 462 3174 quo
480 3092 610 3156 celerius
629 3092 727 3156 hostis
751 3102 929 3177 contempta
951 3116 1009 3156 sua
1030 3093 1184 3176 paucitate
1202 3115 1274 3177 pro-

251 3182 329 3246 diret
347 3183 380 3245 in
392 3185 499 3247 aciem.
528 3184 694 3269 singularis
708 3185 790 3248 enim
805 3185 926 3250 virtutis
939 3186 1120 3250 veterrimas
1134 3186 1273 3271 legiones

250 3273 330 3351 VH,
350 3275 448 3352 VHl,
471 3276 574 3340 VIllI
590 3276 739 3355 habebat,
764 3301 904 3342 summae
924 3280 991 3364 spei
1008 3279 1209 3362 delectaeque
1227 3279 1275 3342 iu-

250 3369 385 3432 ventutis
409 3369 477 3446 XI,
505 3392 585 3453 quae
607 3383 718 3435 octavo
739 3372 802 3435 iam
825 3373 979 3457 stipendio
1003 3384 1107 3436 tamen
1128 3372 1161 3436 in
1180 3371 1275 3436 colla-

250 3462 333 3526 tione
358 3463 547 3546 reliquarum
572 3465 711 3528 nondum
738 3466 869 3530 eandem
895 3467 1058 3532 vetustatis
1085 3487 1123 3531 ac
1148 3465 1273 3529 virtutis

250 3572 374 3642 ceperat
400 3558 588 3642 opinionem.
632 3559 737 3641 itaque
764 3560 895 3625 coneilio
922 3561 1074 3624 advocato
1100 3558 1195 3624 rebus
1223 3558 1273 3633 iis,

249 3673 330 3734 quae
347 3652 388 3715 ad
406 3674 440 3716 se
458 3663 564 3718 essent
580 3652 711 3730 delatae,
730 3653 875 3719 omnibus
894 3655 1043 3739 expositis
1057 3655 1178 3718 animos
1193 3651 1275 3716 mul·

250 3745 389 3810 titudinis
408 3747 577 3812 confirmat.
606 3748 633 3813 si
650 3748 730 3811 sorte
743 3747 850 3813 hostes
865 3749 957 3811 trium
970 3748 1129 3833 legionum
1143 3767 1273 3810 numero

248 3849 357 3924 posset
374 3840 484 3905 elicere
507 3842 548 3905 ad
570 3842 794 3919 dimicandum,
823 3842 957 3928 agminis
976 3843 1116 3906 ordinem
1138 3842 1182 3905 ita
1199 3862 1274 3904 con-

250 3934 361 4011 stituit,
389 3945 423 3998 ut
440 3934 523 4021 legio
546 3936 692 4021 septima,
720 3946 844 4012 octava,
870 3959 954 4001 nona
976 3947 1048 4001 ante
1071 3936 1175 4001 omnin
1192 3935 1274 3998 irent

249 4028 484 4112 impedimenta,
516 4029 628 4093 deinde
654 4030 793 4093 omnium
824 4030 1117 4115 impedimentorum
1148 4050 1272 4114 agmen,

249 4121 334 4202 quod
352 4133 456 4185 tamen
473 4132 539 4186 erat
556 4122 720 4199 mediocre,
739 4135 774 4198 ut
791 4124 824 4187 in
841 4124 1091 4208 expeditionibus
1111 4146 1181 4188 csse
1199 4144 1274 4186 con-

251 4213 365 4290 suevit,
384 4225 510 4300 cogeret
526 4216 705 4293 undecima,
724 4240 764 4281 ne
782 4218 907 4282 maioris
925 4218 1132 4282 multitudinis
1151 4216 1274 4302 species

250 4304 389 4370 accidere
407 4307 549 4374 hostibus
567 4321 687 4394 posset,
711 4332 806 4394 quam
825 4311 886 4396 ipsi
903 4313 1169 4397 depoposcissent.
1213 4309 1274 4373 hac

250 4399 368 4463 ratione
393 4423 491 4484 paene
519 4404 670 4485 quadrato
696 4406 821 4490 agmine
844 4407 996 4471 instructo
1017 4407 1051 4470 in
1072 4415 1273 4490 conspectum

218 4518 233 4566 9
251 4491 387 4557 hostium
404 4494 533 4560 celerius
552 4497 696 4581 opinione
714 4519 821 4562 eorum
840 4500 1009 4564 exercitmn
1027 4500 1163 4564 adducit.
1199 4519 1274 4562 cum

251 4596 376 4672 repente
406 4587 572 4655 instructas
607 4589 692 4654 velut
726 4591 759 4654 in
788 4592 855 4658 acie
885 4604 970 4659 certo
1000 4594 1101 4679 gradu
1129 4591 1273 4678 legiones
