2692 5206
440 796 557 858 ΟΟΜΜ.
575 801 598 856 1.
616 801 736 857 58-63.
1031 787 1095 853 203

67 914 174 1019 e‚fiam
189 924 300 990 cohors
314 923 578 1010 Illurgavonensis
597 925 637 988 ad
651 947 723 989 eum
736 924 862 1010 cognito
876 924 1008 990 civitatis
1022 946 1096 989 eon-

66 1007 155 1081 alio
168 1029 195 1084 et
210 1020 304 1105 signa
321 1039 361 1082 cx
378 1018 510 1083 statione
532 1018 687 1083 transfert.
723 1041 838 1104 magna
855 1017 994 1083 celeriter
1011 1040 1096 1083 com-

63 1114 205 1178 mutatio
215 1135 329 1177 rerum.
357 1111 495 1196 perfecto
508 1124 612 1198 ponte,
626 1112 751 1199 magnis
765 1113 903 1196 quinque
916 1112 1095 1178 civitatibus

61 1197 117 1266 td
143 1207 300 1271 amicitiam
313 1206 477 1283 adiunctis,
496 1206 640 1292 expedita
652 1229 686 1271 re
704 1206 916 1284 frumentaria,
935 1206 1095 1272 exstinctis

60 1301 250 1366 rumoribus
273 1301 313 1365 de
334 1300 457 1364 auxiliis
475 1300 648 1386 legionum,
675 1323 756 1385 quae
777 1322 850 1366 cum
867 1300 1019 1387 Pompeio
1040 1323 1097 1387 per

59 1382 296 1459 moritaniam
312 1394 419 1458 venire
437 1394 628 1471 dicebantur,
647 1394 761 1460 multae
775 1394 1007 1480 longinquiores
1021 1395 1097 1460 civi-

60 1488 202 1554 tatesab
212 1487 346 1553 Afranio
356 1488 533 1552 desciscunt
542 1499 573 1552 et
582 1488 727 1554 Caesaris
737 1489 905 1553 amicitiam
915 1499 1095 1573 sequuntur.

60 1581 188 1658 quibus
204 1581 299 1647 rebus
317 1582 485 1667 perterritis
504 1582 615 1647 animis
634 1583 882 1648 adversariorum
900 1581 1033 1660 Caesar,
1055 1604 1095 1647 ne
1114 1604 1144 1652 61
1235 1641 1238 1646 .

64 1690 198 1761 semper
214 1698 331 1762 magno
348 1676 478 1740 circuitu
491 1698 547 1761 per
559 1688 687 1761 pontem
701 1677 856 1761 equitatus
871 1687 956 1741 essct
973 1676 1097 1741 mitten-

66 1762 151 1846 dus,
170 1780 280 1835 nactus
297 1769 444 1833 idoneum
466 1769 569 1834 locum
586 1770 690 1834 fossas
712 1770 828 1856 pedum
845 1769 956 1843 XXX
972 1770 1007 1834 in
1027 1770 1096 1833 lati-

69 1862 212 1927 tudinem
230 1862 404 1948 complures
418 1863 522 1928 faeere
536 1864 678 1941 instituit,
697 1862 812 1946 quibus
824 1875 946 1950 partem
958 1863 1096 1947 aliquam

10 1954 14 1969 ⁸
75 1949 193 2024 Sicoris
214 1969 366 2024 averteret
387 1958 565 2042 vadumque
586 1960 619 2023 in
641 1981 679 2023 eo
701 1959 828 2024 flumine
854 1959 1001 2024 efficeret.
1045 1957 1095 2022 his

78 2067 174 2131 paene
194 2052 314 2118 effectis
338 2075 487 2139 magnum
509 2054 542 2117 in
559 2054 701 2118 timorem
719 2053 871 2119 Afranius
889 2052 1095 2136 Petreiusque

84 2148 269 2226 perveniunt,
287 2169 328 2211 ne
345 2147 470 2212 omnino
488 2148 643 2213 frumento
660 2147 838 2234 pabuloque
855 2147 1096 2213 intereluderen-

91 2244 143 2317 tur,
161 2241 242 2325 quod
263 2241 396 2305 multum
415 2240 535 2307 Caesar
555 2243 694 2326 equitatu
716 2242 850 2308 valebat.
893 2243 998 2327 itaque
1021 2263 1095 2306 eon-

97 2331 202 2399 auant
219 2334 281 2419 ipsi
297 2334 375 2399 loeis
394 2336 543 2400 excedere
558 2337 634 2399 etin
649 2334 850 2401 Celtiberiam
863 2336 981 2401 bellum
994 2345 1095 2400 trans·

97 2422 165 2493 lene.
196 2429 271 2494 huic
288 2430 417 2494 consilio
435 2427 668 2516 suffragabatur
684 2431 778 2494 etiam
794 2431 849 2494 illa
864 2452 929 2507 res,
952 2429 1038 2513 quod
1055 2450 1095 2491 ex

100 2516 194 2588 duobus
212 2523 373 2588 contrariis
391 2523 559 2609 generibus
573 2545 654 2608 quac
668 2524 825 2607 superiore
838 2522 921 2587 bello
934 2544 1006 2587 eum
1021 2520 1096 2586 Ser-

100 2613 156 2679 torio
169 2626 316 2681 steterant
333 2616 475 2682 civitates
493 2618 593 2682 vietae
611 2638 725 2681 nemen
743 2627 836 2700 atque
857 2617 1021 2700 imperium
1040 2615 1095 2679 ab·

100 2708 170 2775 sentis
176 2709 310 2796 Pompei
323 2710 482 2788 timebant,
497 2733 577 2794 quae
591 2711 624 2774 in
638 2710 773 2775 amicitia
786 2709 1094 2793 manserantmagnis

100 2799 201 2869 affectae
218 2802 377 2869 benefieiis
396 2827 468 2869 eum
486 2804 673 2891 diligebant3
693 2803 839 2869 Caesaris
858 2812 963 2866 autem
980 2813 1046 2866 erat
1063 2802 1095 2865 in

100 2889 210 2963 butam
228 2919 343 2963 nomen
360 2897 533 2963 obscurius.
573 2898 625 2962 hic
642 2920 774 2984 magnos
792 2897 948 2980 equitatus
967 2918 1096 2981 magna-

100 3005 143 3068 que
159 2991 270 3056 auxilia
291 2992 515 3078 exspectabant
536 3003 567 3057 et
581 2992 654 3057 ‘suis
672 2991 749 3056 locis
772 2989 889 3055 bellum
910 2990 944 3053 in
959 2989 1095 3053 hiemem

100 3077 186 3149 duecte
202 3085 390 3171 cogitabant.
425 3085 485 3150 hoc
503 3086 579 3151 inito
597 3085 726 3151 consilio
745 3094 810 3149 toto
827 3083 956 3148 flumine
972 3081 1095 3147 Hibero

100 3196 171 3245 mres
194 3182 374 3265 conquirere
401 3193 431 3246 et
455 3180 648 3268 Octogcsam
677 3180 790 3245 adduci
817 3179 934 3244 iubent.
974 3178 1007 3242 id
1029 3188 1095 3243 erat

100 3271 220 3354 oppidum
236 3275 373 3360 positum
390 3276 432 3340 ad
444 3274 600 3340 Hiberum
618 3275 764 3359 miliaque
782 3296 933 3358 passuum
951 3271 1094 3337 acastris

100 3359 180 3430 uberet
195 3367 276 3433 XX.
308 3369 350 3433 ad
367 3392 439 3433 cum
456 3369 561 3434 locum
578 3369 716 3433 fluminis
734 3367 867 3432 navibus
885 3366 999 3431 iunctis
1017 3388 1095 3450 pcn-

100 3462 148 3521 11111
163 3460 309 3548 imperant
330 3463 397 3527 fieri
418 3463 619 3549 legionesque
642 3464 720 3527 duas
747 3462 863 3525 flumen
881 3459 1015 3525 Sicorim
1033 3471 1095 3523 tra-

101 3546 200 3633 ducunt,
216 3567 380 3642 castraque
397 3559 541 3622 muniunt
560 3559 640 3622 vallo
658 3558 774 3643 pedum
792 3555 873 3619 XII.
909 3576 972 3637 qua
988 3575 1022 3617 re
1038 3575 1095 3637 per
1113 3574 1144 3622 oa

102 3644 281 3729 &domares
299 3651 425 3738 cognita
443 3675 565 3717 summo
582 3651 688 3716 labore
710 3649 842 3713 militum
862 3647 981 3713 Caesar
997 3647 1095 3710 conti·

102 3750 171 3807 mtto
185 3745 265 3811 diem
283 3757 468 3830 noctemque
481 3769 574 3832 opere
588 3746 760 3810 influmine
774 3743 942 3809 avertendo
955 3742 1018 3806 huc
1031 3741 1095 3805 iam

103 3831 235 3905 roduna
251 3862 333 3918 rem,
351 3851 387 3904 ut
405 3841 538 3924 equites,
558 3841 617 3905 etsi
635 3838 802 3903 difficulter
819 3850 912 3920 atque
930 3857 1022 3921 aegre
1040 3834 1095 3900 fie-

103 3917 149 4002 btb
161 3944 281 4016 possent
294 3944 400 3999 tamen
412 3945 505 4018 atquc
519 3935 669 3999 auderent
681 3933 798 3997 flumen
815 3931 955 4007 transire,
974 3929 1094 4014 pedites

103 4034 157 4084 1110
171 4028 382 4093 tantummodo
404 4028 541 4092 humeris
564 4049 601 4092 ac
623 4049 747 4091 summo
769 4036 896 4110 pectore
918 4033 1041 4088 exstare
1064 4032 1095 4086 ct

102 4126 155 4177 0⁰1⁰
173 4119 331 4186 altitudine
357 4143 456 4205 aquae
483 4133 549 4186 tum
576 4122 670 4186 etiam
700 4121 863 4205 rapiditate
891 4117 1027 4182 fluminis
1053 4117 1095 4181 ad

101 4209 293 4280 mundum
316 4215 547 4301 impedirentur.
588 4216 644 4280 sed
667 4225 771 4278 tamen
793 4214 903 4278 ecdem
929 4212 995 4276 iere
1016 4222 1095 4276 tem·

100 4314 236 4393 macons
248 4309 413 4375 inHibcre
424 4332 521 4396 prope
535 4310 665 4375 effectus
679 4307 888 4384 nuntiabatur,
903 4317 934 4370 et
946 4307 978 4371 in
992 4303 1093 4371 Sicori

100 4394 189 4497 jodam
203 4404 422 4491 reperiebatur.
457 4406 520 4469 iam
538 4428 612 4469 vero
630 4427 667 4469 eo
689 4404 790 4489 magis
807 4403 853 4467 illi
873 4402 1093 4466 maturandum
1112 4419 1143 4468 aa

98 4496 144 4552 lter
157 4497 378 4564 existimabant.
414 4499 518 4582 itaque
540 4499 662 4563 duabus
685 4496 888 4562 auxiliaribus
911 4494 1091 4561 cohortibus

99 4576 194 4657 Ilerdae
210 4593 365 4680 praesidio
381 4594 496 4659 relictis
514 4593 659 4659 omnibus
672 4591 769 4678 copiis
784 4589 918 4658 Sicorim
932 4601 1092 4655 transcunt
