2692 5206
404 802 523 859 COlssl.
541 804 594 858 111.
611 803 732 858 52-52.
1016 790 1078 855 261

55 928 244 994 intermissis
269 925 382 992 diebus
409 923 567 1012 [alteram]
598 936 721 992 noctem
748 925 947 992 subnubilam
971 936 1081 992 nactus

55 1021 226 1089 obstructis
245 1019 391 1086 omnibus
404 1030 577 1085 castrorum
590 1021 687 1107 portis
705 1032 737 1086 et
747 1021 845 1106 fossis
858 1021 899 1085 ad
911 1021 1082 1106 impedien-

55 1117 133 1182 dum
151 1115 282 1181 obiectis
306 1115 396 1180 tertia
416 1115 494 1179 inita
515 1115 623 1200 sigilis
644 1114 766 1180 silentio
788 1115 957 1180 exercitum
974 1115 1082 1180 eduxit

56 1222 88 1276 et
105 1233 141 1275 se
158 1211 192 1274 in
209 1209 353 1292 antiquas
373 1209 559 1274 munitiones
576 1209 702 1294 recepit.

120 1302 263 1377 Aetolia,
286 1301 480 1380 Acarnania,
501 1302 721 1388 Amphilochis
742 1325 800 1388 per
822 1301 970 1368 Cassium
991 1303 1079 1367 Lon·
1097 1325 1130 1371 55

54 1399 166 1486 ginum
179 1408 211 1461 et
220 1394 395 1461 Calvisium
410 1393 573 1475 Sabinum,
592 1406 627 1460 ut
639 1397 930 1474 demonstravimus,
947 1397 1081 1482 receptis

55 1491 271 1578 temptandam
285 1490 346 1555 sibi
358 1490 513 1555 Achaiam
526 1513 563 1556 ac
575 1491 670 1576 paulo
682 1491 806 1578 longius
821 1491 1082 1578 progrediendum

55 1584 257 1652 existimabat
274 1582 402 1649 Caesar.
442 1585 547 1670 itaque
569 1608 607 1651 eo
625 1585 780 1651 Calenum
800 1586 886 1651 misit
906 1586 997 1671 eique
1020 1583 1080 1651 Sa-

55 1679 167 1747 binum
184 1689 216 1744 et
235 1677 383 1744 Cassium
400 1702 472 1743 cum
494 1679 673 1745 cohortibus
695 1679 845 1765 adiungit
880 1700 1013 1763 quorum
1030 1701 1082 1744 co-

55 1775 144 1860 gnito
157 1773 294 1838 adventu
306 1771 443 1837 Rutilius
456 1773 581 1859 Lupus,
595 1774 648 1857 qui
657 1772 812 1838 Achaiam
825 1773 941 1839 missus
954 1796 974 1838 a
986 1772 1081 1838 Pom-

56 1867 128 1953 peio
146 1865 320 1944 obtinebat,
342 1866 499 1931 Isthmum
520 1867 717 1953 praemunire
737 1867 885 1945 instituit,
907 1878 942 1931 ut
958 1865 1083 1932 Achaia

56 1960 186 2026 Fufium
201 1960 388 2045 prohiberet.
421 1960 559 2027 Calenus
576 1961 730 2047 Delphos,
749 1960 887 2038 Thebas,
907 1959 1082 2027 Orchome-

56 2078 134 2120 num
151 2054 311 2120 voluntate
327 2055 467 2141 ipsarum
484 2056 643 2121 cisitatum
661 2056 787 2142 recepit,
806 2055 970 2120 nonnullas
987 2053 1081 2121 urbes

56 2170 113 2235 per
129 2148 196 2212 vim
213 2149 418 2236 expugnavit,
441 2149 576 2233 reliquas
594 2150 734 2216 civitates
757 2148 979 2214 circummissis
996 2148 1082 2235 legn-

56 2240 194 2308 tionibus
211 2243 348 2308 amicitia
361 2241 490 2308 Caesari
508 2244 671 2309 conciliare
688 2244 843 2310 studebat
869 2244 903 2308 in
920 2242 969 2308 his
986 2241 1080 2308 rebus

56 2334 122 2402 lere
140 2345 208 2401 erat
223 2336 335 2402 Fufius
352 2348 533 2423 occupatus.

121 2426 281 2496 Omnibus
299 2431 446 2516 deinceps
465 2430 576 2497 diebus
595 2430 714 2497 Caesar
735 2431 905 2496 exercitum
926 2431 960 2496 in
981 2430 1079 2495 aciem
1099 2450 1131 2498 56

55 2546 193 2609 aequum
209 2526 244 2590 in
260 2525 364 2591 locum
380 2526 537 2611 produxit,
556 2526 584 2590 si
600 2525 771 2610 Pompeius
787 2525 906 2610 proelio
923 2526 1081 2590 decertare

54 2617 161 2696 vellet,
180 2628 214 2683 ut
226 2640 325 2703 paene
338 2620 448 2684 castris
461 2619 594 2705 Pompei
606 2619 746 2704 legiones
761 2617 928 2696 subiceret3
947 2627 1081 2682 tantum-

53 2733 118 2795 que
140 2735 161 2777 a
177 2712 261 2778 vallo
283 2712 350 2778 cius
366 2713 468 2799 prima
490 2714 573 2779 acics
596 2712 716 2790 aberat,
739 2713 784 2777 uti
805 2735 846 2776 ne
863 2711 925 2776 telo
946 2721 1082 2776 tormen-

54 2814 130 2871 tove
146 2804 228 2871 adici
245 2817 362 2892 posset
388 2806 559 2893 Pompeius
577 2817 691 2882 autem,
710 2817 745 2870 ut
757 2805 873 2870 samam
890 2804 1082 2889 opinionem-

54 2921 118 2985 que
135 2898 297 2965 hominum
314 2911 441 2980 teneret,
461 2903 506 2967 sic
523 2925 580 2987 pro
598 2901 709 2966 castris
727 2900 896 2965 exercitum
912 2898 1081 2964 constitue-

54 2992 126 3072 bat,
157 3005 193 3058 ut
217 2994 307 3059 tertia
333 2996 415 3060 acies
441 2996 558 3060 vallum
585 2995 792 3081 contingeret,
824 2993 924 3059 omnis
954 2992 1080 3078 quidem

53 3086 226 3153 instruohrs
244 3089 397 3153 exercitus
416 3089 485 3154 telis
508 3112 548 3154 ex
565 3089 648 3154 vallo
669 3088 798 3154 abiectis
821 3087 942 3174 protegi
963 3098 1079 3173 posset.

53 3178 138 3247 haec
153 3202 225 3247 cum
242 3181 275 3245 in
292 3181 415 3247 Achaia
432 3193 525 3267 atque
543 3184 627 3269 apud
640 3182 874 3269 Dyrrhachium
890 3189 1080 3268 gererentur,
1100 3200 1131 3247 57

56 3272 301 3360 Scipionemque
318 3275 352 3340 in
367 3274 588 3342 Macedoniam
609 3279 734 3343 venisse
756 3288 924 3353 constaret,
946 3297 1010 3341 non
1027 3275 1082 3341 ob

53 3366 132 3434 litus
152 3368 276 3455 pristini
296 3370 429 3435 instituti
452 3370 571 3437 Caesar
592 3372 685 3438 mittit
706 3372 748 3437 ad
769 3394 842 3436 eum
862 3369 904 3435 A.
924 3368 1080 3447 Clodium,

54 3483 153 3528 suum
169 3472 262 3546 atque
278 3462 362 3528 illius
380 3463 574 3543 familiarem,
593 3488 688 3550 qucm
705 3464 745 3530 ab
762 3465 816 3530 illo
830 3464 977 3529 traditum
994 3464 1081 3528 initio

55 3564 89 3621 et
106 3556 359 3622 commendatum
375 3558 409 3622 in
426 3581 554 3624 suorum
566 3559 813 3625 necessariorum
825 3580 954 3622 numero
966 3556 1081 3622 habere

54 3648 241 3715 instituerat.
269 3650 342 3717 huic
360 3651 413 3717 dat
429 3653 547 3719 litteras
564 3653 771 3738 mandataque
788 3652 829 3717 ad
846 3674 932 3729 eum;
949 3672 1082 3735 quorum

55 3740 138 3807 haec
154 3754 221 3808 erat
237 3767 373 3810 summa:
396 3768 466 3812 sese
484 3747 588 3812 omnia
605 3747 645 3812 de
661 3769 739 3833 pace
757 3758 918 3832 expertum
934 3744 1012 3809 nihil
1027 3744 1082 3809 ad·

56 3836 124 3901 huc
138 3834 280 3903 arbitrari
298 3840 373 3905 vitio
390 3838 510 3905 factum
527 3864 649 3919 corum,
668 3863 747 3926 qnos
765 3862 836 3905 esse
854 3849 996 3904 auctores
1014 3838 1081 3903 cius

55 3930 105 3997 rei
122 3930 284 4010 voluisset,
311 3935 397 4018 quod
419 3958 477 4000 sua
497 3936 644 4001 mandata
664 3934 802 4021 perferre
823 3957 887 3999 non
908 3942 1082 4018 opportuno

55 4034 198 4111 tempore
215 4027 256 4091 ad
272 4026 459 4114 Pompeium
477 4040 663 4095 vererentur.
692 4028 871 4116 Scipionem
889 4051 927 4094 ea
940 4050 1010 4093 esse
1027 4051 1082 4092 au·

55 4118 213 4197 ctoritate,
241 4130 360 4187 utnon
382 4123 483 4188 solum
503 4123 599 4189 libere
621 4146 702 4209 quae
727 4123 891 4210 probasset
916 4144 1080 4208 exponere,

54 4210 227 4280 sedetiam
244 4236 285 4279 ex
302 4239 418 4303 magna
433 4226 521 4302 parte
543 4218 726 4304 compellere
748 4227 841 4302 atque
864 4229 1017 4283 errantem
1032 4240 1081 4282 re-

52 4328 134 4395 gere
144 4318 267 4394 posset3
284 4332 430 4395 praeesse
443 4322 548 4376 autem
560 4335 619 4378 suo
631 4312 757 4377 nomine
769 4310 927 4389 exercitui,
945 4320 980 4375 ut
992 4334 1081 4398 prae-

54 4412 108 4468 ter
131 4404 347 4469 auctoritatem
374 4406 455 4471 vires
482 4428 606 4491 quoque
635 4408 677 4473 ad
707 4406 913 4472 coercendum
942 4406 1079 4474 haberet.

53 4495 145 4581 quod
163 4496 191 4561 si
207 4497 343 4576 fecisset,
362 4500 499 4583 quietem
515 4501 634 4579 ltaliae,
653 4523 763 4587 pacem
775 4501 1011 4586 provinciarum,
1031 4524 1080 4566 sa-

53 4588 158 4657 lutem
174 4589 296 4678 imperii
313 4594 367 4657 uni
384 4616 492 4659 omnes
505 4606 665 4682 acceptam
677 4595 838 4661 relaturos.
864 4594 942 4660 haec
955 4595 996 4660 ad
1008 4617 1079 4659 cunr
