2738 5272
490 842 616 899 CAPUT
632 840 752 896 ‘rs-30.
1066 826 1128 892 303

114 971 328 1056 comperisset,
351 969 521 1051 equitatum
539 987 662 1030 omnem
680 961 901 1047 expeditosque
922 963 1058 1028 delectos
1075 985 1130 1048 pe-

114 1066 193 1129 dites
212 1064 301 1128 adid
322 1062 437 1125 flumen
455 1060 553 1135 misit,
576 1058 630 1141 qui
647 1056 777 1121 transitu
795 1054 963 1120 Caesarem
986 1057 1129 1143 probibe-

114 1170 182 1222 rent
204 1171 235 1221 et
256 1157 377 1220 eminus
399 1177 439 1219 ex
464 1154 540 1238 ripis
566 1136 717 1236 pr'oelium
738 1150 838 1233 impar
859 1151 984 1214 inirent:
1011 1151 1130 1215 nullum

115 1253 198 1315 enim
224 1272 405 1335 processum
432 1248 530 1311 virtus
560 1244 694 1310 habebat
724 1253 777 1307 aut
807 1243 976 1328 periculum
1006 1246 1131 1332 ignavia

116 1344 249 1410 subibat.
285 1365 365 1426 quae
387 1365 436 1407 res
459 1341 596 1405 incendit
617 1338 721 1402 dolore
744 1337 855 1401 milites
877 1339 1058 1422 equitesque
1075 1363 1131 1403 no-

116 1452 210 1515 stros,
232 1438 317 1521 quod
335 1450 398 1501 tam
416 1437 468 1499 din
486 1435 553 1520 pari
570 1433 687 1518 proelio
708 1455 779 1496 eum
797 1431 1016 1496 Alexandrinis
1035 1446 1132 1498 certa·

115 1546 208 1597 retur.
253 1532 357 1614 itaque
384 1531 492 1594 eodem
520 1539 658 1612 tempore
684 1527 803 1609 equites
826 1523 976 1591 Germani
1002 1528 1130 1613 dispersi

116 1627 197 1690 vada
213 1635 396 1707 quaerentes
414 1622 527 1707 partim
549 1619 783 1685 demissioribus
805 1619 879 1703 ripis
898 1621 1012 1685 flumen
1031 1633 1132 1686 trana-

116 1732 196 1795 runt,
214 1731 246 1783 et
263 1718 423 1803 legionarii
442 1716 563 1801 magnis
581 1713 742 1780 arboribus
760 1713 881 1791 excisis,
900 1737 979 1797 quae
997 1716 1132 1803 longitu-

117 1813 189 1876 dine
208 1825 368 1894 utramque
386 1811 485 1894 ripam
503 1809 725 1894 contingerent,
743 1808 886 1898 proiectis
904 1809 942 1872 iis
957 1810 1131 1894 repentino-

117 1930 177 1990 que
195 1930 309 1993 aggere
332 1907 444 1970 iniecto
465 1906 580 1969 flumen
603 1903 797 1967 transierunt.
831 1924 962 1985 quorum
983 1905 1132 1991 impetum

118 2002 195 2066 adeo
212 2002 434 2086 pertimuerunt
451 1999 572 2074 hostes,
600 2009 634 2062 ut
655 1998 687 2062 in
709 1998 786 2084 fuga
804 2020 890 2082 spem
909 2000 1018 2065 salutis
1037 2001 1131 2066 collo-

117 2108 231 2172 carent,
250 2096 306 2159 sed
323 2095 355 2157 id
373 2094 500 2158 frustra:
518 2113 652 2175 namque
670 2115 710 2156 ex
727 2113 765 2156 ca
781 2092 858 2177 fuga
871 2094 960 2177 pauci
974 2095 1013 2158 ad
1026 2119 1132 2182 regem

116 2190 297 2275 refugerunt
309 2210 407 2273 paene
421 2187 505 2252 omni
518 2186 636 2269 reliqua
648 2186 843 2250 multitudine
856 2186 1025 2253 interfecta.
1051 2190 1134 2257 Cae·
1151 2211 1184 2258 so

117 2307 168 2347 sar
184 2306 217 2347 re
235 2281 479 2366 praeclarissime
497 2290 595 2365 gesta,
615 2301 684 2342 eum
704 2279 841 2344 subitum
861 2281 1027 2346 adventum
1043 2307 1133 2351 suum

117 2377 265 2440 iudicaret
284 2398 431 2460 magnum
450 2385 596 2437 terrorem
614 2372 835 2437 Alexandrinis
854 2374 1045 2455 iniecturum‚
1064 2403 1135 2464 pro·

118 2473 200 2536 tinus
219 2472 317 2535 victor
334 2472 374 2534 ad
392 2483 494 2535 castra
510 2469 594 2553 regis
613 2470 774 2553 pertendit.
810 2470 886 2534 baec
905 2492 975 2535 cum
993 2484 1024 2537 ct
1042 2497 1134 2559 opere

119 2587 232 2649 magno
250 2564 364 2627 vallata
385 2574 416 2628 et
437 2563 497 2628 loci
515 2574 625 2626 natura
647 2564 765 2626 munita
787 2564 1044 2630 animadverteret
1060 2590 1135 2632 con-

120 2658 291 2740 fertamque
318 2666 504 2721 armatorum
531 2655 758 2719 multitudinem
789 2656 968 2721 collocatam
995 2660 1027 2723 in
1053 2662 1135 2726 vallo

120 2752 245 2826 videret,
264 2749 364 2814 lassos
382 2751 489 2813 itinere
507 2770 544 2813 ac
556 2749 735 2832 proeliando
748 2748 860 2813 milites
874 2751 913 2813 ad
927 2756 1136 2837 oppugnanda

120 2855 220 2908 castra
239 2845 403 2908 succedere
421 2844 527 2907 noluit
563 2845 667 2927 itaque
689 2866 752 2907 nou
775 2867 888 2928 magno
910 2845 1071 2911 intervallo
1088 2871 1136 2912 re-

119 2938 191 3002 licte
209 2938 248 3001 ab
267 2938 356 3002 hoste
375 2949 476 3002 castra
492 2938 605 3022 posuit.
641 2949 767 3022 postero
785 2938 834 3002 die
853 2939 1028 3016 castellnm,
1051 2942 1136 3024 quod

119 3055 173 3096 rex
199 3032 230 3094 in
256 3031 397 3115 proximo
419 3031 488 3094 vico
515 3053 576 3094 non
602 3031 695 3117 longe
718 3055 737 3095 a
762 3031 827 3096 suis
851 3033 960 3096 castris
984 3035 1137 3099 munierat

119 3125 313 3207 brachiisque
339 3146 411 3188 cum
436 3145 529 3209 opere
555 3135 727 3189 castrorum
749 3126 949 3190 coniunxerat
975 3127 1035 3191 vici
1058 3128 1137 3193 obti-

118 3218 210 3281 nendi
229 3241 337 3294 causa,
361 3216 480 3282 Caesar
496 3240 665 3302 aggressus
684 3218 828 3282 omnibus
848 3219 945 3304 copiis
968 3232 1136 3306 expugnat,

119 3334 181 3374 non
198 3312 281 3393 quod
299 3310 417 3375 minore
435 3333 563 3374 numero
582 3312 714 3376 militum
737 3313 885 3395 consequi
907 3313 1033 3378 difficile
1051 3315 1137 3379 factu

120 3416 250 3487 putaret,
270 3404 326 3468 sed
343 3416 377 3467 ut
395 3402 435 3468 ab
454 3426 492 3468 ea
508 3405 636 3469 victoria
648 3406 817 3490 perterritis
832 3407 1052 3471 Alexandrinis
1066 3429 1137 3492 pro-

121 3498 202 3560 tinus
220 3509 321 3561 castra
338 3497 420 3582 regis
439 3510 640 3583 oppugnaret.
676 3500 780 3582 itaque
799 3522 836 3564 eo
854 3522 955 3577 cursu,
974 3523 1037 3583 quo
1054 3501 1138 3564 resu-

120 3591 239 3674 gientes
254 3590 483 3655 Alexandrinos
502 3614 540 3655 ex
553 3592 680 3657 castello
698 3593 731 3655 in
749 3603 851 3657 eastra
869 3605 941 3656 sunt
960 3594 1073 3657 milites
1091 3595 1138 3657 in·

121 3683 231 3759 secuti,
267 3684 489 3749 munitionibus
525 3698 741 3750 successerunt
776 3686 985 3768 acerrimeque
1016 3687 1137 3750 eminus

118 3776 262 3860 proeliari
279 3789 454 3862 coeperunt
490 3778 612 3844 duabus
631 3802 669 3843 ex
687 3779 827 3864 partibus
851 3780 953 3843 aditus
975 3802 1138 3865 oppugna·

120 3870 211 3934 tionis
230 3871 343 3934 nostris
360 3870 505 3936 dabatur:
533 3895 608 3950 una,
631 3895 727 3956 quam
748 3873 880 3937 liberum
903 3894 1065 3936 accessum
1083 3872 1138 3936 ba-

119 3963 191 4028 bere
210 3965 433 4042 demonstravi3
451 3967 556 4044 altera,
574 3990 655 4051 quae
673 3969 828 4033 mediocre
846 3967 1042 4032 intervallum
1060 3967 1139 4032 inter

120 4069 221 4122 castra
242 4070 273 4122 et
297 4060 411 4123 flumen
429 4060 536 4124 Nilum
557 4060 700 4127 babebat.
741 4062 877 4126 maxima
899 4072 930 4125 et
952 4060 1139 4125 electissima

120 4150 283 4215 multitudo
302 4153 584 4218 Alexandrinorum
601 4155 789 4220 defendebat
811 4179 880 4220 eam
901 4165 1035 4239 partem,
1057 4176 1138 4238 quae

120 4245 300 4309 facillimum
319 4247 437 4312 aditum
454 4247 602 4326 babebat3
629 4249 796 4334 plurimum
819 4248 1021 4334 proficiebant
1042 4249 1074 4312 in
1091 4271 1140 4313 re-

120 4337 269 4422 pellendis
289 4340 548 4424 vulnerandisque
566 4343 690 4418 nostris,
708 4344 762 4425 qui
779 4343 905 4429 regione
923 4342 1058 4407 fluminis
1076 4343 1139 4406 Nili

119 4433 371 4518 propugnabant:
390 4435 520 4501 diversis
530 4436 613 4500 enim
626 4437 694 4502 telis
708 4437 805 4501 nostri
818 4436 1001 4523 figebantur,
1017 4436 1139 4500 adversi

120 4548 159 4589 ex
173 4528 253 4590 vallo
267 4538 447 4604 castrorum,
466 4530 567 4595 aversi
581 4531 769 4607 cadumim,
783 4532 814 4594 in
828 4554 890 4614 quo
903 4529 1018 4594 multae
1031 4551 1137 4605 naves,

120 4620 287 4686 instructae
304 4621 512 4688 funditoribus
530 4636 561 4688 et
578 4625 745 4711 sagittariis
763 4639 884 4691 nostros
902 4625 1136 4710 impugnabant.
