2738 5272
188 759 251 828 196
531 771 727 829 bassano
746 771 865 830 onum

186 899 240 982 qui
265 897 367 963 fuerat
393 906 574 982 tempestate
600 899 803 983 interruptus,
833 917 933 982 paene
964 905 1028 961 erat
1053 895 1212 963 resectus:

186 995 270 1060 hunc
294 1005 385 1058 noete
410 993 517 1080 perfici
542 994 642 1059 iussit
685 994 753 1078 ipse
780 993 905 1078 cognita
930 991 1068 1056 looonrm
1095 1003 1215 1056 natura

186 1090 273 1176 ponti
290 1089 461 1172 castrisque
474 1089 628 1173 praesidio
642 1111 698 1153 sex
711 1088 846 1152 cohortis
859 1086 982 1170 reliquit
995 1096 1088 1169 atque
1102 1087 1215 1151 omnia

186 1183 407 1268 impedimenta
421 1192 452 1247 et
462 1193 588 1268 postero
601 1183 650 1247 die
660 1181 804 1247 omnibus
819 1181 916 1265 copiis
930 1179 1043 1265 triplici
1056 1180 1213 1244 instructa

187 1278 253 1341 acie
271 1277 311 1340 ad
324 1276 460 1340 Ilerdam
473 1275 678 1362 proficiscitur
690 1286 720 1340 et
734 1274 792 1339 sub
807 1274 915 1339 castris
932 1272 1055 1336 Afranii
1068 1273 1213 1338 constitit

187 1381 219 1435 et
239 1370 283 1435 ibi
304 1369 462 1455 paulisper
484 1369 542 1434 sub
566 1370 659 1433 armis
682 1378 819 1432 moratus
842 1367 917 1430 facit
939 1388 1039 1448 aequo
1061 1365 1132 1430 loco
1151 1388 1213 1450 pu-

185 1463 303 1551 gnandi
319 1472 514 1549 potestatem.
540 1473 693 1549 potestate
712 1462 796 1526 facta
808 1460 960 1525 Afranius
979 1459 1084 1544 copias
1103 1460 1213 1524 educit

171 1568 218 1622 ‘et
234 1558 267 1621 iu
279 1558 382 1622 medio
395 1558 472 1622 colle
487 1555 545 1622 sub
559 1557 667 1621 castris
681 1555 848 1620 constituit.
878 1553 1004 1631 Caesar,
1024 1553 1077 1617 ubi
1091 1576 1213 1639 cogno-

185 1652 231 1715 vit
248 1674 303 1736 per
315 1651 483 1715 Afranium
501 1660 591 1727 stare,
610 1673 673 1733 quo
690 1650 791 1712 minus
809 1648 926 1733 proelio
940 1647 1149 1723 dimicaretur,
1170 1649 1212 1714 ab

187 1745 300 1810 infimis
310 1744 466 1809 radicibus
476 1745 589 1809 montis
602 1743 786 1808 intermissis
797 1742 917 1806 circiter
929 1741 1074 1825 passibus
1086 1740 1213 1808 CCCC

187 1849 289 1903 castra
305 1838 408 1902 facere
426 1838 584 1902 constituit
601 1848 641 1911 et,
659 1860 699 1900 ne
716 1837 749 1899 in
766 1859 858 1920 opere
872 1835 1018 1899 faciundo
1032 1835 1147 1899 milites
1162 1860 1214 1901 re-

187 1933 313 2017 pentino
331 1932 468 1997 hostium
484 1932 610 1996 incursu
633 1940 860 1995 exterrerentur
877 1940 970 2012 atque
992 1951 1084 2014 opere
1103 1930 1215 2015 prohi-

187 2025 341 2102 berentur,
359 2025 441 2089 vallo
454 2025 567 2088 muniri
575 2025 681 2101 vetuit,
700 2025 785 2108 quod
798 2025 933 2088 eminere
947 2034 978 2087 et
992 2023 1098 2108 procul
1109 2025 1215 2090 videri

186 2140 315 2183 neeesse
333 2129 411 2195 erat,
431 2119 486 2182 scd
504 2142 523 2183 a
539 2118 640 2183 fronte
659 2129 766 2183 eontra
782 2118 905 2182 hostem
923 2118 1038 2201 pedum
1055 2116 1125 2182 XV
1142 2118 1215 2184 sos-

187 2235 255 2277 sam
277 2212 343 2275 fieri
364 2213 463 2276 iussit.
499 2212 599 2297 prima
620 2222 651 2275 et
668 2212 805 2276 secunda
822 2213 905 2276 acies
924 2213 956 2274 in
978 2212 1086 2289 armis,
1110 2222 1145 2276 ut
1170 2213 1214 2279 ab

186 2305 274 2370 initio
287 2307 455 2370 constituta
467 2321 541 2383 erat,
559 2306 773 2391 permanebat3
790 2317 863 2391 post
876 2307 933 2370 hos
947 2329 1025 2391 opus
1040 2306 1071 2369 in
1084 2308 1214 2373 occulto

187 2423 206 2464 a
223 2400 275 2466 III
293 2401 358 2465 acie
375 2400 478 2465 fiebat.
506 2403 551 2466 sie
569 2424 660 2466 omno
677 2403 763 2486 prius
782 2413 829 2465 est
846 2401 1028 2485 perfectum,
1048 2424 1141 2484 quam
1161 2403 1214 2468 in-

187 2493 382 2580 tellegeretur
399 2494 439 2558 ab
452 2494 585 2559 Afranio
599 2506 700 2560 castra
717 2496 839 2558 muniri.
868 2495 926 2558 sub
945 2517 1111 2579 vesperum
1127 2495 1214 2561 Cae-

187 2609 238 2651 sar
255 2588 334 2652 intra
351 2587 433 2655 hano
450 2589 568 2653 fossam
585 2589 724 2674 legiones
742 2589 862 2652 reducit
875 2600 968 2671 atque
980 2589 1024 2653 ihi
1039 2588 1097 2653 sub
1112 2592 1212 2656 armis

136 2699 168 2747 42
187 2682 328 2765 proxima
343 2694 434 2747 nocte
452 2684 651 2767 conquiescit.
687 2693 810 2768 postero
829 2683 878 2746 die
896 2705 1019 2746 omnem
1038 2683 1213 2748 exercitum

186 2776 267 2841 intra
283 2777 402 2842 fossam
415 2779 550 2842 eontinet
564 2788 603 2854 et,
622 2778 706 2860 quod
718 2777 842 2861 longius
856 2787 920 2840 erat
935 2798 1031 2861 agger
1044 2777 1212 2860 petendus,

186 2869 410 2954 inpraesentia
428 2872 561 2935 similem
577 2872 728 2936 rationem
746 2871 847 2955 operis
869 2870 1002 2934 instituit
1020 2869 1211 2954 singulaque

186 2964 282 3028 latera
308 2977 479 3028 castrorum
506 2965 636 3050 singulis
663 2965 801 3028 attribuit
830 2964 1006 3049 legionibus
1038 2964 1214 3030 munienda

186 3056 349 3139 fossasque
368 3058 408 3121 ad
426 3059 555 3121 eandem
573 3058 819 3141 magnitudinem
832 3058 939 3141 perfici
952 3057 1052 3133 iubet;
1070 3057 1211 3140 reliquas

185 3149 324 3233 legiones
337 3150 370 3212 in
384 3151 477 3213 armis
492 3150 651 3233 expeditas
666 3161 772 3214 contra
785 3150 907 3213 hostem
921 3151 1087 3214 constituit.
1112 3149 1214 3215 Afra-

185 3241 256 3304 nius
278 3240 483 3324 Petreiusque
505 3243 638 3306 terrendi
662 3265 757 3307 causa
779 3254 872 3326 atquc
895 3245 996 3329 operis
1018 3244 1213 3328 impediendi

186 3332 291 3416 copias
311 3357 383 3397 suas
402 3335 442 3398 ad
455 3335 576 3399 infimas
591 3337 704 3401 montis
718 3337 837 3401 radices
852 3340 1027 3422 producunt
1046 3349 1076 3401 et
1088 3338 1212 3423 proelio

184 3427 355 3506 lacessunt,
378 3451 479 3512 neque
501 3431 616 3495 idcirco
636 3431 755 3496 Caesar
777 3455 855 3517 opus
879 3433 1051 3496 intermittit
1070 3432 1213 3500 confisus

185 3522 339 3605 praesidio
357 3522 515 3609 legionum
533 3525 626 3589 trium
644 3535 674 3589 et
692 3527 860 3590 munitione
878 3526 992 3590 fossae.
1020 3526 1063 3589 illi
1078 3549 1140 3590 non
1155 3527 1213 3592 diu

186 3617 366 3681 commorati
383 3640 441 3683 nee
458 3618 581 3704 longius
600 3620 639 3685 ab
657 3620 764 3684 infimo
782 3621 860 3684 colle
878 3621 1037 3705 progressi
1055 3620 1162 3704 copias
1177 3622 1213 3685 in

185 3720 287 3776 castra
304 3713 464 3776 reducunt.
492 3714 581 3777 tertio
599 3715 648 3778 die
665 3713 784 3779 Caesar
802 3714 883 3778 vallo
902 3727 1004 3779 castra
1021 3715 1211 3792 communit3

185 3805 319 3890 reliquas
338 3807 495 3883 cohortes,
523 3830 601 3892 quas
619 3810 652 3872 in
671 3809 880 3894 superioribus
904 3810 1013 3873 castris
1032 3809 1211 3891 reliquerat,

135 3918 167 3965 43
186 3898 468 3985 impedimentaque
490 3903 530 3967 ad
553 3925 587 3967 se
604 3903 724 3967 traduci
745 3902 840 3967 iubet.
878 3914 943 3967 erat
960 3904 1039 3966 inter
1057 3903 1212 3987 oppidum

185 3992 320 4058 Ilerdam
343 4006 373 4059 et
394 3995 570 4079 proximum
593 3997 716 4073 collem,
744 3997 798 4060 ubi
825 4007 927 4061 castra
947 3996 1090 4060 Petreius
1113 4009 1212 4080 atque

185 4086 336 4153 Afranius
350 4089 515 4167 habebant,
534 4091 682 4175 planicies
697 4091 817 4154 circiter
829 4113 979 4175 passuum
995 4089 1093 4166 CCC,
1113 4100 1212 4174 atque

185 4181 216 4242 in
235 4181 293 4244 hoc
312 4182 377 4246 fere
395 4184 497 4247 medio
515 4184 616 4269 spatio
634 4184 770 4248 tumulus
786 4194 850 4248 erat
864 4185 957 4268 paulo
972 4184 1094 4260 editior3
1112 4205 1212 4266 quem

187 4274 214 4336 si
231 4276 445 4358 occupavisset
459 4277 578 4343 Caesar
590 4287 620 4342 et
634 4278 864 4355 communisset,
884 4277 923 4341 ab
940 4278 1053 4362 oppido
1067 4287 1098 4340 et
1111 4288 1211 4361 ponte

186 4376 217 4429 et
235 4374 408 4432 commeatu
426 4372 524 4448 omni,
546 4394 639 4455 quem
657 4371 688 4435 in
707 4372 856 4456 oppidum
875 4372 1080 4446 contulerant,
1108 4393 1143 4434 se
1162 4372 1211 4434 in-

185 4458 389 4524 terclusurum
408 4463 600 4529 adversarios
619 4465 802 4530 confidebat.
838 4465 897 4529 hoe
919 4489 1047 4550 sperans
1065 4465 1209 4550 legiones

186 4552 239 4617 Ill
252 4576 291 4618 ex
304 4555 412 4620 eastris
427 4557 529 4623 educit
541 4559 668 4642 acieque
681 4559 714 4622 in
726 4559 803 4624 locis
816 4559 935 4625 idoneis
949 4561 1099 4625 instructa
1112 4559 1209 4626 unius
