2738 5272
191 710 253 775 362
542 718 658 772 BELLI
675 718 857 774 AFRICANI

190 845 310 928 sibique
328 843 487 927 eruptione
505 843 637 927 pugnari
655 865 717 906 non
735 842 856 926 placere
874 842 1051 907 clamitante
1071 854 1108 908 et
1127 846 1228 910 etiam

190 950 282 1021 atquc
301 938 393 1001 etiam
412 937 510 1000 aciem
529 946 721 999 sustentante
739 935 842 1000 subito
855 935 963 1000 dextro
978 958 1078 1001 cornu
1094 939 1228 1004 iniussu

191 1032 337 1097 Caesaris
356 1029 481 1093 tubicen
504 1054 522 1093 a
544 1029 693 1093 militibus
716 1039 841 1093 coactus
865 1052 974 1094 canere
992 1031 1110 1115 coepit.
1157 1055 1226 1116 quo

189 1127 272 1190 lacto
289 1123 329 1188 ab
348 1123 500 1187 universis
518 1122 696 1187 cohortibus
715 1124 806 1208 signa
822 1123 855 1186 in
871 1122 992 1187 hostem
1015 1146 1156 1209 coepere
1174 1127 1226 1190 in-

189 1219 276 1293 ferri,
304 1239 375 1282 cum
397 1216 592 1281 centuriones
615 1229 740 1300 pectore
762 1217 893 1281 adverso
915 1218 1099 1281 resisterent
1123 1219 1224 1303 vique

189 1313 380 1378 continerent
402 1309 529 1387 milites,
555 1332 595 1373 ne
620 1311 742 1374 iniussu
767 1311 960 1395 imperatoris
981 1333 1222 1391 concurrerent,

138 1429 170 1477 83
188 1430 246 1471 nec
267 1407 433 1490 quicquam
455 1404 647 1489 proficerent.
692 1404 775 1487 quod
798 1416 963 1488 postquam
982 1403 1107 1470 Cacsar
1126 1408 1223 1472 intel-

188 1501 263 1565 lexit
288 1499 421 1563 incitatis
447 1499 581 1562 militum
607 1498 718 1562 animis
745 1498 847 1562 resisti
873 1499 958 1563 nullo
983 1499 1079 1564 modo
1109 1523 1221 1586 posse,

189 1596 278 1681 signo
292 1592 462 1658 Felicitatis
480 1591 553 1677 dato
571 1614 651 1675 equo
669 1593 806 1656 admisso
824 1593 856 1655 in
868 1592 989 1656 hostem
1003 1603 1119 1658 contra
1133 1597 1224 1679 priu-

189 1690 274 1774 cipcs
300 1687 344 1751 ire
371 1686 537 1750 contendit.
582 1709 601 1749 a
628 1686 737 1750 dextro
764 1686 886 1749 interim
913 1708 1009 1750 cornu
1035 1686 1222 1754 funditores

188 1781 400 1867 sagittariique
418 1780 538 1843 concita
555 1779 617 1843 tela
634 1779 666 1841 in
683 1779 864 1863 elephantos
877 1779 1055 1862 frequentes
1068 1780 1222 1848 iniciunt.

188 1898 250 1958 quo
272 1875 355 1938 facto
378 1873 494 1937 bestiae
517 1872 646 1935 stridore
672 1871 838 1936 fundarum
865 1873 1066 1957 lapidumque
1096 1889 1224 1959 perter-

187 1970 263 2033 ritae
282 1990 351 2032 sese
364 1976 542 2030 convertere
556 1975 587 2028 et
600 1988 673 2029 suos
688 1977 759 2049 post
773 1988 807 2029 se
821 1967 999 2049 frequentes
1014 1967 1223 2053 stipatosque

187 2071 341 2147 proterere
364 2070 395 2122 et
417 2059 450 2122 in
472 2069 577 2142 portas
601 2056 673 2120 valli
695 2059 873 2124 semifactas
895 2082 983 2124 ruere
1005 2065 1221 2128 contendunt.

188 2156 261 2218 item
278 2153 383 2216 Mauri
406 2152 539 2234 equites,
566 2151 673 2233 quiin
695 2152 805 2216 eodem
828 2176 1011 2216 comacum
1035 2154 1222 2239 elephantis

188 2259 287 2323 erant,
314 2246 468 2330 praesidio
493 2244 608 2308 deserti
634 2244 790 2328 principes
817 2245 950 2331 fugiunt.
998 2247 1043 2311 ita
1069 2248 1224 2315 celeriter

187 2341 294 2405 bestiis
313 2340 479 2403 circumitis
502 2338 639 2424 legiones
663 2338 744 2402 vallo
768 2340 904 2403 hostium
929 2351 1000 2404 sunt
1018 2342 1161 2424 potitae,
1192 2355 1223 2408 et

187 2436 293 2519 paucis
316 2435 426 2497 aeriter
447 2432 691 2518 repugnantibus
714 2433 945 2517 interiectisque
968 2433 1078 2516 reliqui
1111 2440 1222 2501 conci-

136 2552 168 2596 et
188 2530 241 2592 tati
259 2530 292 2591 in
309 2538 418 2603 castra,
437 2528 519 2590 unde
537 2527 635 2611 pridie
654 2538 740 2589 erant
758 2528 886 2611 egressi,
906 2528 1104 2611 confugiunt.
1156 2555 1222 2595 non

186 2624 399 2686 videturesse
421 2620 726 2704 praetermittendum
749 2621 788 2683 dc
811 2622 922 2683 virtute
940 2621 1045 2683 militis
1069 2625 1220 2688 veterani

185 2717 216 2782 V
234 2717 375 2802 legionis.
419 2739 491 2778 nam
510 2738 580 2778 curn
599 2716 631 2778 in
649 2715 772 2777 sinistro
792 2737 886 2777 cornu
909 2715 1055 2798 elephans
1079 2717 1221 2782 vulnere

186 2812 265 2875 ictus
284 2823 314 2874 et
333 2810 437 2873 dolore
455 2811 626 2873 concitatus
650 2809 681 2871 iu
703 2808 799 2871 lixam
817 2809 966 2871 inermem
988 2809 1150 2891 impetum
1170 2813 1220 2875 fe-

186 2907 279 2968 cisset
305 2926 437 2985 cumque
464 2903 522 2966 sub
550 2903 662 2986 pedem
689 2902 848 2965 subditum
875 2903 945 2965 dein
972 2925 1056 2986 genu
1079 2903 1219 2970 iunixus

186 2999 320 3082 pondere
336 3019 393 3059 suo
407 2996 590 3080 proboscide
605 3008 706 3058 crecta
721 2995 914 3078 vibrantique
929 2997 1058 3059 stridore
1068 3000 1219 3064 maximo

187 3102 337 3172 premeret
356 3101 447 3170 atque
467 3101 621 3163 enecaret,
645 3089 734 3152 miles
758 3089 807 3153 hic
826 3114 886 3153 non
905 3091 1003 3173 potuit
1027 3090 1109 3172 pati,
1137 3096 1219 3175 quin

187 3206 219 3245 sc
238 3193 373 3244 armatus
392 3181 509 3245 bestiae
527 3183 660 3245 offerret.
704 3206 796 3264 quem
815 3196 979 3268 postquam
997 3184 1155 3267 elephans
1176 3189 1220 3252 ad

186 3298 219 3337 se
238 3273 298 3336 telo
317 3274 429 3337 infesto
452 3276 804 3353 venireanimadvertit,
828 3277 933 3341 relicto
956 3278 1110 3341 cadavere
1132 3283 1219 3345 mili-

186 3378 247 3429 tem
265 3367 448 3450 proboscide
467 3368 636 3431 circumdat
650 3382 742 3451 atquc
757 3372 788 3432 in
803 3371 934 3434 sublimo
949 3371 1075 3433 extollit.
1107 3396 1219 3440 arura-

185 3473 245 3537 tus,
277 3463 330 3543 qui
357 3463 388 3525 in
416 3463 568 3526 eiusmodi
596 3464 732 3546 periculo
759 3477 935 3528 consta-nter
961 3466 1123 3549 agendum
1154 3470 1218 3533 sibi

185 3556 314 3631 videret,
342 3556 446 3640 gladio
465 3557 693 3639 proboscidem,
722 3571 864 3640 quaerat
884 3560 1108 3634 circumdatus,
1143 3585 1219 3627 cae-

185 3649 256 3712 dere
274 3668 423 3730 qnantum
442 3651 559 3714 viribus
578 3663 695 3734 poterat
715 3675 776 3713 non
795 3653 920 3716 destitit.
949 3676 1010 3735 quo
1029 3653 1142 3718 dolore
1159 3659 1218 3720 nd-

184 3743 295 3806 duetus
314 3743 460 3826 elephans
481 3744 576 3807 milite
595 3744 714 3807 abiecto
738 3747 872 3809 maximo
891 3769 961 3810 curn
980 3747 1111 3809 stridore
1140 3772 1217 3814 cur-

101 3867 103 3871 *
185 3859 283 3917 suque
305 3859 473 3900 com'ersus
496 3838 536 3901 ad
557 3837 691 3918 reliquas
719 3837 833 3902 bestias
858 3863 891 3903 sc
912 3841 1036 3924 recepit.
1083 3842 1217 3908 interim

135 3949 166 3994 es
185 3929 312 4012 Thapso
334 3931 388 4012 qui
410 3942 497 3993 erant
519 3931 673 4014 praesidio
696 3954 735 3993 ex
759 3933 872 4015 oppido
895 3935 1087 4016 emptionem
1117 3952 1218 4018 porta

185 4025 337 4088 rrraritima
355 4026 472 4088 fiaciunt
491 4039 530 4100 ct,
551 4027 616 4088 sive
630 4036 663 4088 ut
678 4027 741 4088 suis
757 4027 896 4091 subsidio
911 4041 1120 4102 occurrerent,
1144 4033 1217 4096 sive

184 4129 218 4180 ut
234 4119 348 4202 oppido
366 4119 488 4182 deserto
506 4120 583 4203 fuga
601 4119 731 4182 salutem
751 4120 809 4183 sibi
828 4133 983 4203 parerent,
1003 4123 1218 4205 egrediuntur

185 4228 276 4294 atque
295 4213 336 4275 ita
355 4236 409 4296 per
427 4236 510 4277 marc
529 4212 665 4277 umbilici
683 4215 743 4276 fine
763 4215 894 4298 ingressi
917 4227 1028 4278 terram
1046 4217 1216 4298 petebant.

184 4307 237 4387 qui
259 4330 278 4367 a
301 4308 431 4370 servitiis
455 4309 634 4390 puerisque,
662 4308 764 4388 quiin
787 4310 895 4372 eastris
918 4321 1019 4383 erant,
1046 4309 1217 4392 lapidibus

184 4399 316 4482 pilisque
340 4400 485 4482 prohibiti
508 4412 620 4464 terram
643 4401 793 4485 attingere
817 4426 922 4466 rursus
946 4404 977 4465 in
1000 4404 1158 4486 oppidum
1180 4431 1217 4472 se

186 4504 374 4576 receperunt.
415 4495 535 4558 interim
556 4494 710 4578 Scipionis
730 4496 825 4579 copiis
844 4497 1004 4580 prostratis
1023 4499 1217 4584 passimque
