2692 5206
406 780 524 837 COMM.
542 781 594 835 111.
613 780 699 837 3-7.
996 768 1060 835 239

31 906 193 989 lograecia
210 904 360 969 dederant
383 904 509 987 (horum
530 905 609 971 alter
625 929 689 970 una
705 914 845 981 venerat,
868 904 946 970 alter
962 904 1060 970 filium

40 998 192 1079 miseratl3
211 999 270 1066 CC
285 1022 324 1064 ex
335 998 429 1084 Syria
440 1024 460 1064 a
474 1000 688 1087 Commageno
701 999 869 1078 Antioch0,
884 1001 935 1065 cui
946 1024 1061 1087 magna

44 1090 208 1180 Pompeius
226 1094 365 1180 praemia
382 1093 497 1172 tribuit,
516 1096 604 1160 missi
618 1105 714 1173 crant,
733 1095 765 1158 in
777 1093 827 1157 his
840 1093 979 1179 plerique
991 1094 1061 1180 hip-

51 1196 214 1269 potoxotae.
258 1188 321 1252 huc
346 1186 527 1266 Dardanos,
559 1189 677 1254 Bessos
704 1189 817 1273 partim
843 1187 1059 1265 mercenarios,

55 1283 162 1363 partim·
171 1283 301 1368 imperio
323 1294 377 1348 aut
397 1284 498 1369 gratia
524 1294 734 1369 comparatos,
761 1284 835 1347 item
857 1282 1060 1360 Macedones,

59 1370 208 1442 Thessalos
230 1399 268 1442 ac
289 1377 477 1461 reliquarum
499 1379 641 1464 gentium
668 1389 698 1443 et
724 1378 885 1442 civitatum
907 1377 1061 1442 adiecerat

62 1478 137 1551 atque
150 1494 230 1548 enm,
248 1494 343 1555 quem
357 1494 452 1556 supra
464 1473 756 1548 demonstravimus,
775 1494 939 1536 numerum
956 1471 1063 1556 exple-

64 1574 140 1628 rarat.
173 1564 322 1629 frumenti
343 1565 407 1630 vim
429 1566 598 1630 maximam
621 1589 659 1630 ex
678 1565 856 1643 Thessalia,
879 1565 973 1643 Asia,
995 1565 1094 1633 Aeo

66 1668 147 1739 gypto,
160 1659 264 1736 Creta,
280 1658 412 1744 Cyrenis
426 1659 616 1744 reliquisque
628 1659 808 1745 regionibus
818 1667 1059 1744 comparaverat.

66 1744 174 1817 hiemare
191 1752 395 1839 Dyrrhachii,
419 1753 607 1839 Apolloniae
625 1754 831 1837 omnibusque
854 1753 977 1839 oppidis
995 1776 1061 1818 ma·

67 1840 151 1911 titinio
166 1848 376 1926 constituerat,
395 1858 430 1911 ut
448 1871 532 1913 mare
546 1849 676 1913 transire
691 1847 860 1914 Caesarem
873 1846 1060 1933 prohiberet,

69 1933 167 2023 eiusque
183 1941 228 2006 rei
246 1964 343 2006 causa
359 1942 444 2007 omni
461 1965 516 2008 ora
532 1943 687 2007 maritima
704 1943 837 2008 classem
855 1943 1060 2027 disposuerat.

69 2044 179 2109 pueerat
194 2034 362 2121 Aegyptiis
380 2036 514 2101 navibus
532 2036 702 2123 Pompeius
723 2036 821 2114 filius,
848 2036 998 2101 Asiaticis
1014 2035 1059 2101 D.
1132 2056 1135 2061 ⁴

69 2116 169 2193 Laetius
189 2139 222 2194 et
239 2128 278 2194 C.
297 2128 453 2207 Triarius,
478 2128 617 2215 Syriacis
637 2130 675 2196 C.
696 2130 842 2208 Cassius,
867 2129 1001 2195 Rhodiis
1020 2128 1059 2195 C.

68 2208 208 2287 Mueehus
229 2244 302 2287 eum
326 2221 364 2288 C.
388 2221 544 2309 Coponio,
572 2225 762 2290 Libnmicae
785 2234 877 2308 atque
899 2222 1059 2289 Achaicae

69 2304 136 2379 choi
150 2314 331 2382 Scribonius
348 2317 434 2382 Libo
451 2328 482 2383 et
499 2317 546 2382 M.
567 2317 730 2385 Octavius.
758 2319 815 2384 toti
832 2329 937 2382 tamen
955 2318 1060 2383 officio

68 2407 192 2476 antimo
216 2410 264 2476 M
291 2411 425 2477 Bibulus
451 2414 647 2498 praepositus
674 2422 786 2478 cuncta
811 2413 1059 2478 administrabat:

67 2495 178 2570 dhane
196 2528 320 2570 summa
336 2507 457 2592 imperii
475 2507 669 2592 respiciebat.

109 2593 226 2675 Caesar,
244 2610 280 2663 ut
291 2599 496 2664 Brundisium
510 2602 603 2679 venit,
622 2601 816 2667 contionatus
835 2600 919 2684 apud
936 2599 1059 2676 milites,
1080 2620 1094 2668 6

64 2690 184 2765 quoniam
208 2714 307 2778 prope
334 2694 375 2758 ad
400 2693 494 2758 tinem
516 2694 658 2759 laborum
680 2717 717 2758 ac
742 2693 952 2779 periculorum
977 2704 1061 2758 esset

64 2792 237 2863 noenum,
260 2808 361 2870 aequo
379 2787 482 2852 animo
500 2788 656 2873 mancipia
673 2798 767 2871 atquc
788 2787 1011 2872 impedimenta
1028 2786 1061 2849 in

10 2888 15 2897 '
62 2863 133 2941 lblla
145 2878 361 2963 relinquerent,
380 2881 440 2966 ipsi
458 2882 594 2966 expediti
612 2903 708 2946 naves
727 2881 979 2956 conscenderent,
997 2902 1061 2963 quo

62 2968 139 3035 tutior
148 2994 295 3038 numerus
304 2974 436 3038 militum
445 2987 551 3060 posset
564 2975 692 3059 imponi,
706 2975 871 3057 omniaque
885 2996 924 3038 ex
933 2972 1063 3037 victoria

63 3066 131 3129 etex
145 3089 203 3133 sua
218 3067 401 3133 liberalitate
420 3080 592 3154 sperarent,
616 3067 882 3134 conclamantibus
905 3067 1060 3143 omnibus,

62 3146 212 3243 imperare,
225 3162 311 3246 quod
323 3162 424 3240 vellet,
439 3164 659 3247 quodcumque
672 3163 897 3249 imperavisset,
913 3184 947 3226 se
961 3183 1061 3245 aequo

63 3249 145 3319 thimo
159 3277 229 3321 esse
248 3256 394 3334 facturos,
412 3256 448 3321 ΙΙ
460 3257 540 3322 Non.
553 3258 622 3322 Ian.
641 3280 738 3322 naves
756 3256 857 3322 solvit.
887 3255 1060 3340 impositae,

64 3352 184 3434 utsupra
201 3350 446 3415 demonstratum
465 3363 522 3428 cst,
541 3352 679 3436 legiones
693 3350 751 3416 VI.
782 3349 930 3435 postridie
949 3360 1062 3414 terram

65 3436 142 3527 “figit
161 3440 404 3509 Germiniorum.
447 3442 534 3510 Saxa
555 3445 635 3509 inter
657 3455 688 3509 et
709 3444 772 3509 alia
792 3444 862 3508 loca
886 3442 1062 3528 periculosa

65 3530 175 3611 quietam
196 3549 307 3603 nactus
330 3541 494 3604 stationem
518 3549 548 3603 et
566 3550 674 3624 portus
693 3561 801 3603 omnes
823 3537 951 3614 timens,
978 3537 1063 3620 quod

67 3626 139 3693 imeri
152 3630 192 3697 ab
210 3632 396 3697 adversariis
415 3633 651 3708 arbitrabantur,
670 3632 710 3696 ad
724 3655 796 3696 cum
808 3631 922 3705 locum,
941 3631 995 3713 qui
1008 3652 1063 3715 ap-

68 3716 212 3795 ldbbstur
227 3724 387 3804 Palaeste,
411 3725 555 3791 omnibus
574 3724 707 3790 navibus
726 3725 766 3789 ad
787 3748 881 3789 unam
900 3723 1063 3787 ineolumi·

68 3800 108 3877 bus
127 3818 238 3885 milites
265 3821 419 3906 exposuit.
466 3832 532 3884 crat
559 3818 646 3886 Orici
669 3819 837 3883 Lucretius
863 3816 1006 3902 Vespillo
1031 3827 1094 3883 etr

67 3896 199 3978 ltamius
223 3912 330 3978 Rufus
356 3936 429 3979 cum
450 3913 600 3978 Asiaticis
626 3911 760 3977 navibus
785 3911 921 3986 XVIII,
947 3909 1062 3994 quibus

66 3993 132 4069 imru
145 4005 189 4071 D.
206 4006 311 4072 Laelii
328 4018 504 4093 praeerant,
532 4007 580 4070 M.
598 4006 733 4071 Bibulus
751 4029 823 4071 cnm
844 4004 977 4070 naribus
997 4002 1063 4069 CX

65 4088 206 4185 corcyrae.
234 4100 292 4166 sed
307 4123 409 4185 neque
426 4100 471 4165 illi
489 4100 548 4165 sibi
567 4100 675 4165 confisi
693 4123 733 4164 ex
750 4112 841 4184 portu
854 4099 977 4184 prodire
990 4111 1064 4162 sunt

10 4166 14 4199 ι
62 4189 126 4269 usi,
153 4215 225 4259 enm
252 4192 373 4259 Caesar
398 4195 524 4259 omnino
550 4194 623 4258 XII
648 4217 744 4258 naves
770 4193 881 4279 longas
907 4191 1063 4277 praesidio

58 4278 195 4365 luisset,
215 4287 382 4372 inquibus
400 4298 489 4353 erant
511 4299 685 4352 constratae
703 4286 787 4363 1111,
811 4307 912 4370 neque
928 4285 1062 4350 Bibulus

55 4374 196 4465 impeditis
212 4381 347 4447 navibus
365 4383 577 4468 dispersisque
594 4380 765 4465 remigibus
780 4380 855 4444 satis
873 4391 993 4445 mature
1011 4401 1063 4445 oc·

51 4474 145 4551 currit,
162 4476 247 4559 quod
262 4477 350 4563 prius
369 4477 409 4541 ad
427 4477 633 4541 continentem
651 4476 737 4538 visus
756 4485 804 4537 cst
822 4471 949 4550 Caesar,
968 4495 1062 4557 quarn

48 4566 84 4635 tle
99 4568 165 4636 cius
181 4570 320 4637 adventu
337 4571 422 4636 sama
438 4570 563 4636 omnino
580 4570 613 4633 in
631 4592 684 4634 eas
702 4568 845 4656 regiones
864 4568 1060 4655 perferretur.
