2738 5272
273 797 334 866 146
592 808 646 864 DE
663 808 790 865 BELLO
809 806 976 865 sabuco

271 934 368 999 firmis
387 932 481 997 ramis
500 931 632 997 abscisis
651 941 745 1016 atque
762 931 873 997 horum
891 932 1050 997 delibratis
1068 954 1106 997 ae
1118 933 1296 1017 praeacutis

271 1025 485 1092 cacuminibus
513 1036 682 1112 perpetuae
709 1025 813 1090 fossae
835 1026 946 1109 quinos
972 1027 1069 1111 pedes
1096 1024 1177 1090 altae
1199 1027 1297 1091 ducc-

271 1119 392 1186 bantur.
435 1119 499 1183 huc
516 1119 560 1183 illi
578 1120 698 1204 stipites
716 1119 845 1183 demissi
863 1128 894 1183 et
911 1119 950 1184 ab
967 1119 1075 1184 infimo
1092 1120 1236 1195 revincti,
1255 1142 1296 1184 ne

270 1212 378 1279 revelli
394 1224 532 1298 possent,
551 1212 591 1278 ab
609 1213 704 1278 ramis
723 1213 909 1278 eminebant.
949 1214 1036 1297 quini
1054 1224 1142 1279 erant
1159 1214 1295 1291 ordines,

271 1308 427 1373 coniuncti
444 1309 524 1372 inter
541 1330 576 1373 se
594 1318 686 1392 atque
704 1307 867 1392 implicati3
886 1329 948 1390 quo
966 1309 1020 1391 qui
1038 1308 1240 1384 intraverant,
1261 1331 1295 1373 se

270 1402 332 1487 ipsi
350 1401 538 1466 acutissimis
558 1401 648 1467 vallis
665 1401 846 1465 induebant.
882 1400 940 1466 hos
959 1402 1066 1486 cippos
1085 1402 1293 1487 appellabant.

272 1507 344 1561 ante
370 1518 449 1579 quos
481 1494 614 1580 obliquis
645 1495 805 1561 ordinibus
836 1496 869 1559 in
900 1496 1107 1579 quincuncem
1133 1497 1294 1581 dispositis

272 1589 398 1656 scrobes
417 1589 509 1653 trium
527 1590 559 1653 in
577 1590 773 1654 altitudinem
790 1591 906 1673 pedum
928 1588 1294 1675 fodiebantur-paulatim

272 1683 453 1769 angustiore
474 1683 515 1748 ad
537 1683 678 1747 infimum
700 1683 837 1770 fastigio.
885 1682 947 1746 hue
969 1693 1081 1747 teretes
1105 1683 1225 1767 stipites
1249 1683 1296 1746 fc-

271 1777 365 1842 minis
384 1776 588 1841 crassitudine
606 1776 646 1842 ab
664 1799 787 1842 summo
805 1777 964 1861 praeacuti
981 1786 1013 1840 et
1029 1777 1167 1861 praeusti
1181 1776 1294 1840 demit-

271 1870 424 1947 tebantur,
443 1870 486 1934 ita
499 1880 608 1934 utnon
623 1871 757 1956 amplius
775 1871 880 1956 digitis
899 1880 1044 1952 quattuor
1062 1893 1101 1934 ex
1119 1880 1201 1935 terra
1218 1871 1295 1934 emi-

271 1973 393 2040 nerent;
421 1963 513 2027 simul
531 1965 734 2028 confirmandi
752 1974 783 2028 et
801 1963 978 2029 stabiliendi
997 1986 1095 2028 causa
1117 1963 1232 2049 singuli
1255 1962 1295 2027 ab

270 2058 379 2122 infimo
398 2056 464 2122 solo
481 2059 578 2143 pedes
597 2068 678 2122 terra
700 2057 955 2135 exculcabantur,
978 2058 1098 2140 reliqua
1119 2080 1191 2142 pars
1210 2079 1296 2121 scro-

270 2150 321 2216 bis
340 2151 380 2215 ad
397 2151 598 2216 occultandas
616 2152 746 2216 insidias
769 2151 937 2216 viminibus
955 2173 992 2215 ac
1010 2150 1158 2237 virgultis
1176 2151 1296 2236 intege-

270 2244 371 2310 batur.
416 2246 509 2311 huius
526 2247 650 2332 generis
670 2246 772 2310 octoni
790 2246 914 2310 ordines
938 2246 1024 2309 ducti
1041 2256 1144 2309 ternos
1162 2245 1242 2308 inter
1261 2268 1296 2308 se

271 2339 368 2423 pedes
387 2339 554 2404 distabant.
599 2340 631 2403 id
653 2361 693 2403 ex
716 2339 916 2403 similitudine
935 2338 1018 2402 floris
1042 2338 1138 2401 lilium
1158 2338 1296 2422 appella-

273 2431 356 2496 bant.
401 2444 473 2497 ante
495 2433 572 2497 haec
598 2432 697 2497 taleae
723 2433 836 2518 pedem
858 2432 971 2517 longae
994 2432 1102 2496 ferreis
1124 2431 1225 2495 hamis
1248 2432 1296 2494 in-

272 2527 343 2591 fixis
367 2537 449 2591 totae
471 2528 503 2591 in
526 2538 639 2592 terram
661 2526 893 2590 infodiebantur
914 2525 1183 2608 mediocribusque
1201 2526 1296 2589 inter-

273 2621 376 2705 missis
396 2622 504 2706 spatiis
523 2620 667 2686 omnibus
686 2621 762 2685 locis
780 2619 1025 2696 disserebantur;
1052 2642 1131 2702 quos
1151 2619 1293 2683 stimulos

223 2736 255 2782 tt
271 2714 493 2780 nominabant·
528 2715 577 2780 his
599 2715 693 2780 rebus
717 2715 862 2799 perfectis
885 2714 1028 2799 regiones
1051 2724 1176 2778 secutus
1199 2735 1295 2796 quam

271 2809 372 2894 potuit
397 2810 602 2893 aequissimas
628 2832 684 2894 pro
710 2808 772 2872 loci
797 2819 908 2872 natura
933 2807 1179 2890 quattuordecim
1210 2807 1296 2871 milia

271 2926 423 2987 passuum
449 2904 631 2988 complexus
659 2926 750 2988 pares
781 2903 920 2966 eiusdem
946 2902 1069 2986 generis
1095 2901 1294 2975 munitiones,

272 2997 410 3061 diversas
429 2997 469 3061 ab
488 2997 550 3075 his,
570 3008 678 3061 contra
695 2996 879 3060 exteriorem
897 2997 1019 3060 hostem
1036 2996 1179 3081 perfecit,
1202 3006 1294 3059 utne

271 3112 387 3174 magna
404 3091 529 3172 quidem
547 3090 753 3166 multitudine,
773 3090 799 3153 si
817 3090 861 3153 ita
874 3091 1004 3167 accidat,
1023 3089 1114 3155 *eius
1128 3087 1294 3154 discessu*

272 3184 477 3246 munitionum
504 3185 659 3268 praesidia
685 3183 891 3247 circumfundi
918 3195 1060 3269 possent,
1093 3207 1130 3248 ac
1156 3207 1195 3248 ne
1222 3205 1295 3246 curn

271 3276 409 3359 periculo
428 3298 466 3339 ex
485 3277 594 3341 castris
613 3278 720 3362 egredi
737 3288 902 3362 cogantur,
930 3279 1049 3342 dierum
1067 3278 1177 3342 XXX
1194 3276 1296 3362 pabu-

222 3390 253 3436 75
274 3369 339 3432 lum
357 3368 609 3453 frumentumque
627 3370 742 3436 habere
760 3393 869 3436 ornnes
888 3384 1074 3437 convectum
1092 3372 1187 3436 iubet.
1219 3371 1296 3434 dum

271 3462 349 3528 haec
371 3463 412 3527 ad
434 3461 576 3527 Alesiam
597 3475 761 3550 geruntur,
790 3463 875 3530 Galli
898 3467 1028 3531 concilio
1050 3466 1225 3551 principum
1247 3465 1296 3528 in-

272 3557 354 3622 dicto
372 3580 434 3621 non
451 3580 559 3621 omncs
578 3580 646 3635 eos,
674 3559 727 3641 qui
746 3582 833 3624 arma
850 3560 930 3624 ferre
948 3570 1090 3645 possent,
1118 3569 1152 3622 ut
1174 3560 1296 3623 censuit

271 3651 517 3737 Vercingetorix,
532 3653 749 3716 convocandos
764 3663 912 3731 statuunt,
928 3655 983 3718 scd
997 3665 1116 3718 eertum
1130 3675 1295 3716 numerum

271 3746 383 3830 cuique
401 3770 441 3811 ex
459 3747 582 3811 civitate
600 3747 831 3833 imperandum3
849 3771 889 3812 ne
907 3759 993 3812 tanta
1010 3748 1207 3813 multitudine
1220 3769 1295 3811 con-

270 3840 343 3905 fusa
364 3862 422 3905 nee
443 3842 596 3905 moderari
618 3864 675 3906 nec
698 3842 873 3906 discerncre
900 3865 974 3906 suos
1000 3865 1058 3905 nce
1085 3840 1296 3905 frumentandi

270 3934 422 3998 rationem
439 3934 553 3999 habere
571 3946 710 4018 possent.
746 3936 900 4020 imperant
912 3936 1055 3999 Haeduis
1074 3947 1167 4017 atque
1186 3957 1295 3998 eorum

272 4027 445 4104 clientibus,
466 4026 659 4112 Segusiavis,
679 4027 907 4106 Ambluaretis,
927 4027 1072 4092 Aulercis
1090 4027 1296 4092 Brannovici-

271 4119 340 4197 bus,
359 4122 555 4199 Brannoviis‚
574 4122 660 4186 milia
668 4121 824 4198 XXXV;
843 4144 949 4206 parem
958 4146 1121 4187 numerum
1131 4121 1295 4196 Arvernis,

271 4213 423 4278 adiunctis
442 4215 608 4291 Eleuteris,
629 4215 793 4293 Cadureis,
813 4213 958 4294 Gabalis,
977 4217 1143 4294 Vellaviis,
1163 4215 1217 4298 qui
1235 4214 1296 4279 sub

271 4306 400 4390 imperio
418 4306 632 4373 Arvernorum
651 4333 721 4375 esse
739 4321 941 4388 consuerunt3
966 4310 1136 4393 Sequanis,
1161 4308 1295 4374 Senoni-

271 4397 340 4473 bus,
360 4399 568 4487 Biturigibus,
589 4402 754 4481 Santonis,
772 4404 920 4481 Rutenis,
940 4403 1131 4468 Carnutibus
1150 4404 1297 4466 duodena

271 4492 370 4571 milia3
389 4493 565 4561 Bellovacis
584 4497 634 4574 X3
653 4497 781 4561 totidem
799 4497 1039 4574 Lemovicibus3
1059 4507 1172 4560 octona
1189 4496 1296 4559 Picto-

272 4584 363 4652 nibus
390 4598 422 4652 et
443 4588 577 4656 Turonis
599 4600 631 4655 et
651 4590 783 4656 Parisiis
805 4602 836 4656 et
857 4591 1028 4670 Helvetiis3
1055 4587 1295 4666 'Senonibus*,
