2738 5272
273 718 337 783 400
656 724 907 782 FRAGMENTA.

274 857 306 904 ut
314 849 371 903 tuis
382 849 508 903 consiliis
518 854 602 920 atque
613 847 730 917 opibus,
748 852 779 899 ut
789 844 936 912 consuevi,
950 843 979 903 in
988 842 1119 897 omnibus
1128 844 1224 899 rebus
1233 852 1310 898 uter.

274 927 430 981 Dolabella
443 932 491 979 tuo
505 925 576 979 nibil
591 924 662 979 scito
676 923 744 976 mihi
758 939 821 977 esse
836 921 992 975 iucundius.
1027 920 1102 975 banc
1116 921 1197 975 adeo
1208 920 1309 975 babeo

273 1004 392 1072 gratiam
410 1002 465 1070 illi3
483 1019 576 1073 neque
592 1001 667 1056 enim
684 1000 767 1055 aliter
781 998 876 1053 iacere
890 999 1007 1068 poterit:
1024 997 1187 1051 tantocius
1203 997 1308 1051 huma·

273 1079 362 1146 nitas,
384 1079 408 1131 is
427 1084 539 1145 sensus,
562 1095 597 1132 ea
613 1078 642 1131 in
660 1093 704 1131 me
727 1082 771 1130 est
793 1073 1011 1129 benevolentia'.
1054 1075 1120 1127 Ibid.
1138 1073 1181 1127 X.
1199 1073 1256 1141 3s,
1275 1074 1308 1127 2:

273 1155 378 1210 Caesar
391 1155 458 1208 mibi
472 1154 595 1224 ignoscit
608 1172 659 1225 per
672 1153 795 1219 litteras,
815 1151 890 1222 quod
901 1168 959 1204 uon
972 1151 1109 1220 venerim,
1129 1166 1261 1221 seseque
1275 1151 1307 1205 iu

273 1232 407 1301 optimam
426 1238 534 1300 partem
551 1231 581 1284 id
599 1231 728 1300 accipere
747 1229 822 1283 dicit
863 1228 947 1282 leeile
965 1228 1069 1297 patior,
1093 1228 1176 1297 quod
1201 1229 1309 1282 scribit

273 1325 368 1361 seeum
378 1307 492 1361 'l'ullum
507 1315 535 1362 et
545 1305 671 1361 Servium
686 1311 802 1377 questos
817 1321 892 1371 esse,
912 1304 1047 1374 quianon
1061 1305 1136 1358 idern
1151 1304 1213 1358 sibi
1224 1306 1307 1376 quod

272 1383 339 1436 mihi
358 1383 518 1438 remisisset.
555 1386 618 1437 Ibid.
636 1384 671 1436 X.
689 1381 748 1436 8B:
769 1380 889 1435 ‘Caesar
907 1381 971 1450 imp.
992 1380 1121 1434 Ciceroni
1138 1380 1211 1451 imp.
1234 1400 1258 1435 s.
1277 1383 1307 1435 d.

272 1459 333 1512 Etsi
343 1467 370 1514 te
380 1459 577 1528 uibiltemere‚
593 1459 662 1513 nihil
672 1458 863 1528 imprudenter
873 1456 1190 1524 facturumiudicaram,
1206 1466 1308 1512 tamen

273 1543 416 1605 permotus
438 1536 580 1590 bominum
603 1535 679 1590 lame
702 1535 882 1588 scribendum
904 1535 941 1587 ud
962 1540 990 1586 te
1013 1532 1175 1586 existimavi
1197 1541 1229 1588 et
1251 1552 1308 1605 pro

273 1619 371 1666 nostra
403 1613 604 1667 benevolentis
630 1612 794 1680 petendum,
830 1628 866 1665 ne
899 1627 954 1681 quo
985 1611 1204 1679 progredereris
1239 1629 1307 1681 pro·

274 1689 380 1742 clinuta
406 1688 460 1742 iam
483 1705 527 1757 re,
559 1705 615 1759 quo
642 1688 753 1758 integra
779 1687 863 1741 etiam
889 1685 1126 1755 progrediendum
1160 1688 1220 1742 tibi
1245 1705 1307 1741 non

274 1766 474 1819 existimasses.
517 1781 639 1836 namque
658 1773 686 1818 et
709 1763 848 1818 amicitiae
866 1763 1024 1833 graviorem
1045 1762 1177 1817 iniuriam
1198 1764 1308 1819 feceris

273 1850 304 1896 et
322 1842 373 1895 tibi
392 1842 482 1895 minus
501 1842 646 1895 commode
661 1841 850 1907 consulueris,
874 1840 897 1893 si
914 1857 972 1893 non
990 1840 1122 1894 fortunae
1139 1842 1309 1896 obsecutus

274 1919 406 1972 videbere
433 1920 539 1991 (omnia
564 1919 637 1974 enim
660 1918 864 1973 secundissima
890 1918 987 1980 nobis,
1018 1916 1226 1972 adversissima
1248 1919 1309 1971 illis

274 1995 411 2048 eccidisse
421 1995 562 2061 videntur)
574 2012 626 2049 nee
637 2011 749 2048 causam
760 2000 873 2049 secutus
884 1994 993 2066 (eudem
1004 1993 1076 2046 enim
1086 2000 1145 2046 tum
1155 1993 1226 2061 suit,
1242 2011 1309 2048 eum

274 2074 308 2125 ab
326 2087 422 2125 eorum
435 2072 561 2125 consiliis
580 2072 680 2125 abesse
698 2070 856 2140 iudicasti),
876 2071 926 2124 sed
944 2086 1035 2122 mcum
1053 2070 1172 2140 aliquod
1194 2072 1309 2124 lectum

275 2148 520 2213 condemnavisse;
544 2164 600 2217 quo
619 2147 685 2200 mihi
704 2146 817 2217 gravius
835 2146 888 2200 abs
907 2153 935 2200 te
956 2145 1083 2200 accidere
1101 2146 1176 2199 nibil
1196 2154 1308 2217 potest.

275 2225 352 2294 quod
360 2241 397 2277 ue
406 2223 512 2292 iacias,
530 2240 581 2293 pro
592 2224 651 2279 iure
662 2234 776 2279 nostrae
786 2223 925 2277 amicitiae
935 2223 987 2276 ebs
1002 2229 1029 2276 tc
1038 2230 1115 2291 pcto.
1150 2231 1308 2291 postremo

274 2300 342 2369 quid
352 2300 412 2354 viro
422 2301 498 2354 bono
509 2307 538 2353 et
547 2299 643 2371 quieto
653 2307 682 2354 et
693 2301 767 2354 bono
778 2298 831 2354 civi
845 2299 935 2368 magis
950 2299 1081 2352 convenit
1095 2315 1183 2369 quum
1199 2300 1308 2354 abesse

276 2394 294 2429 a
308 2376 436 2431 civilibus
447 2377 666 2430 controversiis?
684 2378 760 2447 quod
774 2376 902 2429 nonnulli
917 2394 978 2428 cum
992 2376 1158 2445 probarent,
1182 2376 1308 2444 periculi

275 2468 361 2507 ceusu
371 2455 450 2524 sequi
460 2462 690 2523 nonpotuerunt.
714 2462 744 2508 tu
755 2456 901 2523 explorato
916 2454 1027 2507 etritee
1043 2469 1122 2505 meae
1133 2453 1307 2507 testimonio

274 2536 304 2583 et
316 2530 455 2584 amicitiae
474 2530 578 2585 iudicio
593 2549 684 2601 neque
699 2532 785 2584 tutius
803 2546 895 2600 neque
914 2530 1060 2583 honestius
1073 2529 1203 2597 reperies
1226 2531 1306 2600 quic-

274 2624 457 2678 quam,qus1n
466 2610 502 2662 ab
514 2608 588 2662 omni
598 2609 778 2662 contentione
788 2609 896 2661 abesse.
912 2605 1164 2660 XVkal.Muiuscx
1177 2605 1306 2661 itinere'.

327 2684 464 2754 (Arrcti.)
484 2687 538 2738 Cic.
544 2704 596 2754 pro
602 2686 689 2753 Lipss,
700 2686 728 2738 7:
747 2684 832 2753 Apud
841 2701 923 2753 quem
934 2685 1018 2753 igitur
1028 2683 1082 2736 lroc
1092 2682 1178 2735 dico?
1199 2700 1306 2751 nempe

276 2762 352 2829 apud
361 2779 436 2825 cunr,
457 2761 518 2830 qui,
538 2779 599 2815 eum
611 2763 665 2816 hoe
680 2763 776 2829 sciret,
795 2768 889 2814 temen
899 2778 956 2825 me,
976 2767 1126 2829 antequam
1140 2757 1233 2827 vidit,
1252 2760 1305 2813 rei·

276 2838 407 2906 publicae
417 2838 553 2906 reddidit,
573 2839 619 2908 qui
635 2839 671 2892 ud
685 2856 728 2892 me
743 2855 776 2891 cx
786 2836 919 2906 Aegypto
934 2837 1041 2890 litteras
1055 2834 1144 2899 misit,
1163 2841 1200 2887 ut
1211 2852 1305 2889 essem

276 2915 362 2981 idem,
383 2915 429 2983 qui
445 2915 567 2968 fuissem.
604 2918 676 2968 Idem
688 2914 939 2984 perterritus:
959 2914 1042 2965 lubcs
1056 2911 1130 2963 enim
1144 2911 1226 2964 bene
1242 2928 1305 2981 ape

276 3007 337 3043 rnre
348 2997 376 3043 ct
386 2992 461 3043 bono
472 3007 535 3044 esse
546 2992 652 3059 animo,
672 2992 747 3060 quod
763 2991 818 3044 scio
834 2997 862 3043 te
875 3007 931 3043 non
946 2989 1050 3042 frustra
1060 2989 1187 3041 seribere
1199 2988 1305 3042 solere.

275 3067 387 3119 memini
406 3068 479 3120 enim
498 3068 596 3121 iisdem
615 3068 674 3121 scre
693 3068 786 3121 verbis
804 3068 842 3120 ad
859 3084 903 3120 me
927 3073 955 3120 te
975 3066 1098 3119 scribere
1117 3080 1227 3133 meque
1248 3063 1304 3117 tuis

276 3143 376 3196 litteris
386 3143 459 3196 bene
470 3160 583 3212 sperare
593 3161 649 3197 nou
661 3143 765 3197 frustra
775 3160 837 3197 esse
848 3143 960 3196 iussum.

327 3220 406 3289 (ilus.
416 3219 469 3289 45.)
500 3222 553 3272 Cir.
564 3223 599 3272 cd
608 3223 662 3274 Att.
675 3220 756 3273 Xlll.
772 3222 815 3286 ⁴20,
830 3222 858 3272 1:
876 3219 901 3273 A
916 3219 1036 3272 Caesare
1050 3216 1149 3286 accepi
1166 3218 1303 3272 consola·

274 3295 361 3348 terias
373 3296 453 3349 datas
464 3295 552 3363 pridie
564 3296 619 3349 imi.
631 3296 695 3349 tint.
707 3296 826 3366 Hispali.

326 3370 376 3424 Ad
390 3371 532 3425 Bulbum
547 3380 580 3427 et
594 3372 736 3441 Oppium
752 3376 787 3445 (u
800 3373 858 3445 ob:
877 3373 921 3426 De
936 3372 1056 3427 Caesare
1072 3369 1189 3438 fugerat
1204 3388 1252 3425 mc
1266 3372 1304 3424 sd

274 3448 450 3502 teseribcre:
473 3448 556 3501 video
575 3449 660 3511 enim,
685 3466 755 3518 (lues
778 3458 807 3501 tu
833 3451 940 3503 litteras
958 3446 1138 3518 exspectaris.
1177 3448 1234 3501 sed
1254 3448 1304 3501 ille

276 3525 389 3593 scripsit
406 3526 442 3578 ad
457 3524 576 3578 Balbum
595 3526 760 3578 fasciculum
774 3527 851 3579 illum
866 3526 1060 3596 epistolarum,
1078 3524 1106 3575 in
1127 3539 1185 3592 quo
1206 3524 1304 3578 fuerat

275 3601 480 3669 rneaetBalbi,
499 3609 588 3655 totum
603 3602 657 3655 sibi
670 3619 746 3671 aqua
756 3603 896 3656 madidum
911 3618 987 3668 esse,
1006 3607 1038 3654 ut
1050 3618 1084 3653 ne
1094 3600 1166 3652 illud
1182 3601 1303 3670 quidem

275 3677 360 3743 sciet,
383 3695 472 3731 mcum
491 3677 578 3731 fuisse
601 3678 723 3748 aliquam
746 3679 902 3748 epistolam.
944 3679 995 3731 sed
1017 3695 1050 3730 ex
1069 3676 1152 3729 Balbi
1172 3677 1304 3745 epistola

274 3770 366 3822 peuce
376 3755 461 3807 verba
471 3754 661 3815 intellexerat,
681 3756 717 3807 ad
732 3773 804 3825 (puae
818 3754 963 3823 rescripsit
977 3754 1019 3807 his
1030 3753 1136 3806 verbis:
1156 3753 1208 3805 ‘de
1219 3752 1301 3809 Cice·

275 3846 344 3883 rone
354 3837 382 3884 tc
393 3831 475 3883 rideo
491 3831 624 3900 quiddam
639 3830 799 3898 scripsisse,
819 3832 894 3901 quod
909 3848 963 3900 ego
978 3848 1034 3883 non
1045 3829 1187 3896 intellexi,
1210 3848 1301 3900 quan-

276 3914 334 3960 tum
348 3913 442 3960 autem
456 3907 618 3960 coniectura
636 3909 846 3978 consequeber,
865 3908 892 3960 id
910 3914 970 3960 erat
989 3904 1139 3970 eiusmodi,
1158 3912 1191 3959 ut
1207 3908 1303 3975 inagis

276 3984 430 4051 optandum
441 3998 524 4052 quam
534 3985 703 4052 sperandum
717 3991 845 4052 putarem
852 3985 866 4036 '.
903 3985 994 4037 iocum
1008 3991 1099 4036 autem
1110 3982 1187 4034 illius
1200 3985 1304 4036 desua

276 4066 403 4128 egestate
418 4076 454 4112 ne
471 4060 508 4111 sis
528 4066 704 4127 aspernatus.
741 4062 777 4131 (a.
791 4060 843 4130 tu.)
865 4061 918 4114 Cic.
934 4063 970 4112 erl
984 4062 1035 4112 ΑΝ.
1050 4058 1100 4111 ΙΧ.
1115 4060 1140 4125 ti,
1158 4060 1186 4111 1:
1207 4060 1304 4113 llomn

277 4136 390 4205 scripsit
407 4136 515 4189 Balbus
534 4137 665 4189 cobortes
684 4153 745 4203 sex,
769 4154 841 4206 qune
859 4136 951 4191 Albae
970 4136 1102 4202 fuissent,
1125 4136 1163 4188 ad
1182 4133 1303 4191 Curium

276 4211 400 4265 blinuciu
411 4212 559 4278 transisse3
577 4212 606 4264 id
616 4211 765 4265 Caesarem
776 4214 812 4266 ad
823 4230 853 4266 se
864 4213 1021 4281 scripsisse,
1041 4218 1070 4265 et
1078 4212 1158 4266 brevi
1169 4220 1303 4283 tempere

277 4304 339 4340 euru
353 4289 389 4341 ud
408 4290 506 4342 urbem
525 4288 656 4340 futurum.
692 4290 756 4342 Ibril.
773 4291 787 4342 t
802 4291 837 4344 C:
858 4287 977 4344 ‘Caesar
992 4288 1097 4359 Oppio,
1118 4287 1259 4345 Cornelio
1282 4312 1303 4345 s.

278 4363 396 4417 Gaudeo
416 4365 574 4418 mehercule
592 4382 642 4416 vos
662 4365 821 4434 significare
839 4366 953 4432 litteris,
973 4382 1055 4435 (prium
1068 4365 1152 4418 valde
1167 4368 1304 4434 probetis

278 4456 324 4501 eu,
344 4457 415 4509 quae
427 4442 502 4509 apud
513 4439 663 4494 Corfinium
673 4451 737 4495 sunt
746 4449 834 4511 gesta.
867 4442 985 4495 consilio
995 4448 1088 4494 vestro
1100 4450 1165 4495 utar
1174 4444 1305 4499 libenter

278 4516 370 4569 etlroe
380 4516 525 4580 libentius,
545 4517 622 4585 quod
637 4534 698 4571 inec
713 4525 812 4587 sponte
828 4518 921 4573 fecere
937 4519 1149 4585 constitueram,
1170 4527 1304 4591 utquam
