2738 5272
174 718 238 785 240
516 728 569 784 DE
588 726 715 784 BELLO
733 725 854 786 civim

137 878 153 927 s
173 854 322 939 expositis
339 852 489 919 militibus
507 875 604 918 naves
623 852 732 918 eadem
748 860 840 917 noete
857 850 1065 918 Brundisium
1086 875 1108 918 a
1121 850 1208 921 Cae·

171 971 240 1014 sare
258 948 466 1025 remittuntur,
488 958 524 1011 nt
540 947 678 1030 reliquae
696 946 835 1033 legiones
857 947 1081 1030 equitatusque
1100 958 1206 1014 unns

170 1042 285 1128 portari
303 1051 440 1127 possent.
484 1041 557 1105 hnic
580 1040 684 1105 officio
702 1039 898 1126 praepositus
916 1049 982 1103 erat
1000 1038 1119 1104 Fufius
1139 1039 1204 1106 Ca-

169 1136 259 1202 lenus
276 1137 408 1224 legatus,
427 1137 481 1220 qui
499 1136 686 1200 celeritatem
703 1136 736 1199 in
753 1135 998 1220 transportandis
1016 1134 1202 1221 legionibus

170 1230 338 1295 adhiberet.
375 1230 431 1295 sed
449 1230 548 1294 scrius
566 1253 586 1294 a
603 1238 685 1292 terra
700 1238 866 1313 provectae
882 1250 979 1293 naves
997 1250 1106 1312 neque
1124 1251 1200 1296 usae

168 1334 322 1389 nocturna
334 1347 410 1388 aura
422 1322 454 1387 in
468 1323 626 1387 redeundo
639 1322 846 1387 offenderunt.
873 1323 1007 1388 Bibulus
1022 1324 1110 1388 enim
1120 1323 1200 1390 Cor·

169 1439 261 1503 cyrae
280 1418 390 1482 certior
406 1417 508 1481 faetus
526 1417 565 1481 de
583 1417 719 1481 adventu
735 1415 880 1481 Caesaris
900 1438 1029 1500 sperans
1049 1417 1148 1482 alicui
1165 1440 1199 1482 se

169 1513 249 1597 parti
267 1522 448 1576 onustarum
465 1511 593 1575 navium
612 1532 772 1575 occurrere
790 1532 884 1594 posse
902 1509 1048 1574 inanibus
1062 1512 1199 1576 occurrit

170 1616 200 1669 et
214 1617 324 1670 nactus
337 1605 459 1670 circiter
470 1604 581 1668 XXX
593 1604 626 1669 in
639 1626 692 1668 eas
707 1604 918 1689 indiligentiae
932 1625 1008 1668 suae
1027 1625 1066 1668 ac
1080 1604 1198 1671 doloris

168 1698 360 1763 iracundiam
370 1699 471 1785 erupit
479 1720 650 1782 omnesque
659 1698 795 1762 incendit
809 1698 980 1781 eodemque
993 1697 1068 1783 igne
1084 1709 1198 1765 nautas

168 1792 372 1876 dominosque
390 1793 517 1857 navium
531 1791 686 1857 interfecit
699 1792 912 1877 magnitudine
924 1813 1046 1876 poenae
1058 1791 1198 1877 reliquos

168 1887 276 1952 terreri
294 1909 432 1972 sperans.
458 1887 518 1951 hoc
532 1886 674 1951 conlecto
688 1886 816 1972 negotio
833 1909 853 1950 a
868 1884 991 1950 Salonis
1006 1886 1048 1949 ad
1063 1883 1199 1952 Oricum

167 1991 290 2065 portus,
319 1981 467 2045 stationes
485 1980 637 2063 litoraque
660 1980 764 2044 omnia
781 1978 874 2065 longe
896 1979 1020 2063 lateque
1039 1979 1198 2047 classibus

168 2073 334 2158 occupavit
355 2072 566 2155 custodiisque
589 2072 769 2157 diligentius
793 2073 951 2159 dispesitis
977 2073 1047 2157 ipse
1074 2076 1199 2160 gravis-

169 2166 248 2230 sima
265 2165 367 2230 hieme
384 2166 417 2229 in
435 2165 567 2231 navibus
586 2165 745 2231 excubans
759 2188 861 2250 neque
875 2166 973 2230 ullum
986 2165 1133 2232 laborem
1146 2178 1200 2233 aut

168 2282 281 2324 munus
300 2260 485 2345 despiciens,
503 2260 645 2344 nequod
664 2260 840 2325 subsidium
853 2261 1049 2346 exspectanti
1064 2259 1200 2328 Caesari

167 2353 201 2416 in
218 2366 420 2438 conspectum
438 2354 542 2418 venire
560 2364 666 2439 posset
703 2402 1198 2421 ..........

134 2561 149 2609 9
170 2543 312 2608 discessu
324 2543 535 2609 Libumarnm
549 2567 589 2609 ex
601 2544 727 2630 Illyrico
740 2543 787 2608 M.
799 2541 952 2609 Octavius
967 2565 1040 2607 cum
1051 2544 1102 2623 iis,
1118 2568 1199 2630 quas

167 2637 312 2716 habebat,
331 2639 462 2704 navibus
479 2637 612 2703 Salonas
626 2639 775 2724 pervenit.
803 2638 847 2702 ibi
860 2637 1020 2703 concitatis
1035 2637 1199 2705 Dalmatis

167 2732 357 2816 reliquisque
382 2733 523 2798 barbaris
549 2733 653 2797 Issam
680 2756 700 2797 a
726 2731 873 2797 Caesaris
904 2731 1041 2796 amicitia
1068 2734 1197 2809 avertit3

169 2837 356 2890 conventum
376 2825 500 2891 Salonis
519 2849 591 2891 cnm
607 2848 709 2908 neque
726 2824 1000 2910 pollicitationibus
1017 2847 1125 2909 neque
1144 2827 1198 2891 dc-

167 2921 358 2985 nuntiatione
371 2921 499 3004 pericnli
513 2942 693 3004 permovere
707 2930 822 3005 posset,
841 2920 991 3004 oppidum
1009 2942 1196 3005 oppugnare

166 3013 309 3077 instituit.
354 3024 402 3078 cst
423 3027 527 3078 autern
549 3015 699 3099 oppidum
717 3024 747 3078 et
765 3014 824 3078 loci
846 3025 957 3077 natura
978 3024 1010 3077 et
1027 3014 1108 3078 colle
1128 3038 1197 3078 rnu-

166 3106 275 3169 nitum.
312 3107 367 3170 sed
386 3107 524 3171 celeriter
542 3107 626 3171 cives
639 3107 774 3170 Romani
792 3108 904 3192 ligneis
922 3107 1041 3171 effectis
1057 3108 1195 3173 turribus

167 3197 216 3260 his
236 3220 305 3263 sese
323 3200 500 3262 munierunt
518 3210 562 3275 et,
581 3223 653 3263 cnm
671 3213 777 3264 essent
793 3201 907 3264 infirmi
925 3201 964 3264 ad
982 3201 1195 3267 resistendum

166 3304 292 3379 propter
313 3296 500 3379 paucitatem
522 3294 683 3359 hominum
706 3295 823 3360 crebris
845 3295 979 3360 confecti
997 3294 1193 3373 inlacribuS,

166 3387 207 3451 ad
225 3399 397 3452 extremum
414 3389 565 3452 auxilinm
583 3388 810 3453 descenderunt
828 3411 996 3472 servosque
1010 3411 1123 3454 omnes
1137 3413 1196 3475 pu·

167 3480 256 3546 bores
274 3481 481 3546 liberaverunt
495 3492 526 3547 et
539 3483 708 3568 praesectis
722 3484 860 3547 omnium
874 3482 1038 3546 mulierum
1053 3484 1194 3549 crinibus

167 3586 319 3640 tormenta
340 3576 519 3640 effecerunt.
563 3600 696 3660 quorum
718 3578 843 3662 cognita
865 3578 1017 3643 sententia
1036 3574 1194 3643 Octavius

166 3670 268 3752 quinis
288 3671 397 3735 castris
417 3671 566 3755 oppidum
582 3672 784 3735 circumdedit
797 3681 889 3754 atquc
903 3693 966 3735 uno
979 3682 1122 3755 ternpore
1137 3672 1195 3738 ob-

166 3764 285 3829 sidione
304 3776 335 3829 et
352 3765 637 3850 oppugnationibus
656 3789 710 3829 cos
728 3787 868 3850 premere
888 3764 998 3848 coepit.
1026 3764 1072 3828 illi
1087 3767 1194 3831 omnia

165 3860 284 3944 perpeti
306 3859 405 3945 parati
428 3860 562 3924 maxime
585 3883 604 3924 a
625 3882 659 3924 re
683 3859 885 3923 frumentaria
903 3857 1097 3924 laborabant.
1143 3860 1194 3925 cni

164 3953 209 4016 rei
227 3954 330 4018 missis
353 3953 393 4016 ad
412 3951 582 4017 Caesarem
604 3954 716 4039 legatis
739 3953 888 4017 auxilinm
912 3953 952 4018 ab
971 3974 1008 4017 co
1026 3954 1193 4037 potebant3

165 4046 296 4130 reliqna,
323 4057 358 4111 ut
379 4058 536 4132 poterant,
563 4047 760 4111 incommoda
777 4070 833 4131 per
850 4070 884 4112 se
908 4046 1116 4113 sustinebant.
1162 4057 1194 4113 et

164 4137 258 4223 longo
276 4141 457 4225 interposito
476 4140 576 4225 spatio
595 4163 666 4204 cum
680 4141 865 4205 diuturnitas
879 4141 1124 4225 oppugnationis
1137 4165 1193 4206 ne-

165 4231 371 4315 glegentiores
387 4233 579 4299 Octavianos
599 4234 763 4311 effecisset,
782 4235 864 4298 nacti
882 4235 1080 4298 occasionem
1099 4238 1193 4300 meri·

165 4325 250 4388 diani
276 4329 424 4411 temporis
451 4329 593 4392 discessu
619 4350 726 4393 eorum
753 4329 857 4413 pneris
885 4328 1133 4413 mulieribusque
1159 4331 1193 4394 in

166 4440 255 4480 muro
273 4419 446 4503 dispositis,
473 4444 512 4486 nc
531 4423 605 4504 quid
623 4423 795 4486 cotidianae
814 4423 1047 4487 consuetudinis
1065 4423 1193 4489 deside

166 4521 296 4589 raretur,
324 4513 385 4598 ipsi
407 4537 501 4578 manu
523 4514 606 4580 facta
629 4537 700 4579 cum
722 4515 774 4594 iis,
801 4538 880 4601 quos
902 4539 1001 4602 nuper
1028 4515 1190 4604 [maximi]
