<?xml version="1.0" encoding="UTF-8"?>
<!DOCTYPE html PUBLIC "-//W3C//DTD XHTML 1.0 Transitional//EN"
    "http://www.w3.org/TR/xhtml1/DTD/xhtml1-transitional.dtd">
<html xmlns="http://www.w3.org/1999/xhtml" xml:lang="en" lang="en">
 <head>
  <title>
</title>
<meta http-equiv="Content-Type" content="text/html;charset=utf-8" />
  <meta name='ocr-system' content='tesseract 3.04.00' />
  <meta name='ocr-capabilities' content='ocr_page ocr_carea ocr_par ocr_line ocrx_word'/>
</head>
<body>
  <div class='ocr_page' id='page_1' title='image "./ciuliicaesarisc03krangoog_0077.png"; bbox 0 0 2692 5206; ppageno 0'>
   <div class='ocr_carea' id='block_1_1' title="bbox 449 782 1098 847">
    <p class='ocr_par' dir='ltr' id='par_1_1' title="bbox 449 782 1098 847">
     <span class='ocr_line' id='line_1_1' title="bbox 449 782 1098 847; baseline 0.003 -2"><span class='ocrx_word' id='word_1_1' title='bbox 449 789 565 845; x_wconf 76' lang='lat' dir='ltr'>COMM,</span> <span class='ocrx_word' id='word_1_2' title='bbox 585 792 608 845; x_wconf 90' lang='grc' dir='ltr'>Ι.</span> <span class='ocrx_word' id='word_1_3' title='bbox 627 791 724 845; x_wconf 85' lang='grc'><strong>6-10.</strong></span> <span class='ocrx_word' id='word_1_4' title='bbox 1077 782 1098 847; x_wconf 83' lang='grc'><strong>5</strong></span> 
     </span>
    </p>
   </div>
   <div class='ocr_carea' id='block_1_2' title="bbox 46 913 1152 4673">
    <p class='ocr_par' dir='ltr' id='par_1_2' title="bbox 46 913 1152 4673">
     <span class='ocr_line' id='line_1_2' title="bbox 57 913 1097 1001; baseline 0.004 -22"><span class='ocrx_word' id='word_1_5' title='bbox 57 926 132 979; x_wconf 82' lang='lat' dir='ltr'>tate</span> <span class='ocrx_word' id='word_1_6' title='bbox 165 937 224 999; x_wconf 81' lang='lat' dir='ltr'>per</span> <span class='ocrx_word' id='word_1_7' title='bbox 252 913 444 999; x_wconf 81' lang='lat' dir='ltr'>provinciam</span> <span class='ocrx_word' id='word_1_8' title='bbox 479 913 597 978; x_wconf 89' lang='lat' dir='ltr'>itineris</span> <span class='ocrx_word' id='word_1_9' title='bbox 629 915 767 979; x_wconf 83' lang='lat' dir='ltr'>faciundi</span> <span class='ocrx_word' id='word_1_10' title='bbox 802 926 1026 1001; x_wconf 90' lang='lat' dir='ltr'>temperaturos</span> <span class='ocrx_word' id='word_1_11' title='bbox 1057 917 1097 982; x_wconf 89' lang='lat' dir='ltr'>ab</span> 
     </span>
     <span class='ocr_line' id='line_1_3' title="bbox 58 1006 1097 1097; baseline 0.003 -24"><span class='ocrx_word' id='word_1_12' title='bbox 58 1008 187 1073; x_wconf 85' lang='lat' dir='ltr'>iniuria</span> <span class='ocrx_word' id='word_1_13' title='bbox 203 1020 241 1097; x_wconf 86' lang='lat' dir='ltr'>et¹</span> <span class='ocrx_word' id='word_1_14' title='bbox 252 1007 406 1071; x_wconf 86' lang='lat' dir='ltr'>maleficio</span> <span class='ocrx_word' id='word_1_15' title='bbox 423 1006 630 1072; x_wconf 84' lang='lat' dir='ltr'>existimabat.</span> <span class='ocrx_word' id='word_1_16' title='bbox 667 1022 780 1087; x_wconf 87' lang='lat' dir='ltr'>tamen,</span> <span class='ocrx_word' id='word_1_17' title='bbox 800 1019 833 1073; x_wconf 91' lang='lat' dir='ltr'>ut</span> <span class='ocrx_word' id='word_1_18' title='bbox 851 1012 986 1095; x_wconf 88' lang='lat' dir='ltr'>spatium</span> <span class='ocrx_word' id='word_1_19' title='bbox 1004 1013 1097 1075; x_wconf 91' lang='lat' dir='ltr'>inter-</span> 
     </span>
     <span class='ocr_line' id='line_1_4' title="bbox 56 1100 1098 1187; baseline 0.001 -20"><span class='ocrx_word' id='word_1_20' title='bbox 56 1104 185 1167; x_wconf 88' lang='lat' dir='ltr'>&#39;cedcre</span> <span class='ocrx_word' id='word_1_21' title='bbox 206 1111 327 1187; x_wconf 88' lang='lat' dir='ltr'>posset,</span> <span class='ocrx_word' id='word_1_22' title='bbox 351 1100 427 1164; x_wconf 91' lang='lat' dir='ltr'>dum</span> <span class='ocrx_word' id='word_1_23' title='bbox 448 1101 577 1179; x_wconf 80' lang='lat' dir='ltr'>milites,</span> <span class='ocrx_word' id='word_1_24' title='bbox 605 1126 683 1185; x_wconf 90' lang='lat' dir='ltr'>quos</span> <span class='ocrx_word' id='word_1_25' title='bbox 710 1104 929 1187; x_wconf 84' lang='lat' dir='ltr'>imperaverat,</span> <span class='ocrx_word' id='word_1_26' title='bbox 952 1106 1098 1169; x_wconf 79' lang='lat' dir='ltr'>conveni-</span> 
     </span>
     <span class='ocr_line' id='line_1_5' title="bbox 62 1195 1097 1284; baseline 0.001 -23"><span class='ocrx_word' id='word_1_27' title='bbox 62 1210 156 1273; x_wconf 84' lang='lat' dir='ltr'><strong>rent,</strong></span> <span class='ocrx_word' id='word_1_28' title='bbox 174 1196 285 1282; x_wconf 84' lang='lat' dir='ltr'>legatis</span> <span class='ocrx_word' id='word_1_29' title='bbox 304 1195 464 1280; x_wconf 90' lang='lat' dir='ltr'>respoudit</span> <span class='ocrx_word' id='word_1_30' title='bbox 482 1196 564 1260; x_wconf 90' lang='lat' dir='ltr'>diem</span> <span class='ocrx_word' id='word_1_31' title='bbox 583 1221 617 1260; x_wconf 90' lang='lat' dir='ltr'>se</span> <span class='ocrx_word' id='word_1_32' title='bbox 636 1199 676 1261; x_wconf 89' lang='lat' dir='ltr'>ad</span> <span class='ocrx_word' id='word_1_33' title='bbox 699 1197 932 1262; x_wconf 83' lang='lat' dir='ltr'>deliberandum</span> <span class='ocrx_word' id='word_1_34' title='bbox 954 1209 1097 1284; x_wconf 90' lang='lat' dir='ltr'>sumptu-</span> 
     </span>
     <span class='ocr_line' id='line_1_6' title="bbox 62 1289 1130 1376; baseline -0.002 -20"><span class='ocrx_word' id='word_1_35' title='bbox 62 1314 158 1357; x_wconf 90' lang='lat' dir='ltr'>rum:</span> <span class='ocrx_word' id='word_1_36' title='bbox 192 1291 220 1355; x_wconf 89' lang='lat' dir='ltr'>si</span> <span class='ocrx_word' id='word_1_37' title='bbox 245 1290 322 1373; x_wconf 93' lang='lat' dir='ltr'>quid</span> <span class='ocrx_word' id='word_1_38' title='bbox 349 1289 477 1366; x_wconf 81' lang='lat' dir='ltr'>vellent,</span> <span class='ocrx_word' id='word_1_39' title='bbox 505 1291 544 1354; x_wconf 89' lang='lat' dir='ltr'>ad</span> <span class='ocrx_word' id='word_1_40' title='bbox 570 1291 648 1355; x_wconf 90' lang='lat' dir='ltr'>Idus</span> <span class='ocrx_word' id='word_1_41' title='bbox 671 1290 750 1376; x_wconf 79' lang='lat' dir='ltr'>Apr.</span> <span class='ocrx_word' id='word_1_42' title='bbox 774 1301 1007 1358; x_wconf 89' lang='lat' dir='ltr'>reverterentur.</span> <span class='ocrx_word' id='word_1_43' title='bbox 1051 1294 1130 1357; x_wconf 81' lang='lat' dir='ltr'>in-8</span> 
     </span>
     <span class='ocr_line' id='line_1_7' title="bbox 65 1383 1096 1471; baseline 0.003 -22"><span class='ocrx_word' id='word_1_44' title='bbox 65 1398 161 1449; x_wconf 84' lang='lat' dir='ltr'>terea</span> <span class='ocrx_word' id='word_1_45' title='bbox 191 1406 229 1449; x_wconf 88' lang='lat' dir='ltr'>ea</span> <span class='ocrx_word' id='word_1_46' title='bbox 258 1383 396 1469; x_wconf 80' lang='lat' dir='ltr'>legione,</span> <span class='ocrx_word' id='word_1_47' title='bbox 427 1406 522 1468; x_wconf 89' lang='lat' dir='ltr'>quam</span> <span class='ocrx_word' id='word_1_48' title='bbox 557 1407 665 1449; x_wconf 90' lang='lat' dir='ltr'>secum</span> <span class='ocrx_word' id='word_1_49' title='bbox 695 1385 843 1463; x_wconf 85' lang='lat' dir='ltr'>habebat,</span> <span class='ocrx_word' id='word_1_50' title='bbox 875 1387 1096 1471; x_wconf 77' lang='lat' dir='ltr'><strong>militibusque,</strong></span> 
     </span>
     <span class='ocr_line' id='line_1_8' title="bbox 67 1478 1098 1564; baseline 0.002 -21"><span class='ocrx_word' id='word_1_51' title='bbox 67 1480 129 1563; x_wconf 90' lang='lat' dir='ltr'>qui</span> <span class='ocrx_word' id='word_1_52' title='bbox 152 1501 193 1543; x_wconf 85' lang='lat' dir='ltr'>cx</span> <span class='ocrx_word' id='word_1_53' title='bbox 214 1478 377 1563; x_wconf 86' lang='lat' dir='ltr'>provincia</span> <span class='ocrx_word' id='word_1_54' title='bbox 398 1490 621 1555; x_wconf 85' lang='lat' dir='ltr'>convenerant,</span> <span class='ocrx_word' id='word_1_55' title='bbox 650 1504 668 1543; x_wconf 90' lang='lat' dir='ltr'>a</span> <span class='ocrx_word' id='word_1_56' title='bbox 690 1479 760 1544; x_wconf 88' lang='lat' dir='ltr'>lacu</span> <span class='ocrx_word' id='word_1_57' title='bbox 782 1482 957 1558; x_wconf 82' lang='lat' dir='ltr'>Lemanno,</span> <span class='ocrx_word' id='word_1_58' title='bbox 983 1483 1037 1564; x_wconf 92' lang='lat' dir='ltr'>qui</span> <span class='ocrx_word' id='word_1_59' title='bbox 1065 1482 1098 1546; x_wconf 90' lang='lat' dir='ltr'>in</span> 
     </span>
     <span class='ocr_line' id='line_1_9' title="bbox 67 1572 1097 1657; baseline 0.001 -20"><span class='ocrx_word' id='word_1_60' title='bbox 67 1574 193 1637; x_wconf 86' lang='lat' dir='ltr'>flumen</span> <span class='ocrx_word' id='word_1_61' title='bbox 214 1572 404 1637; x_wconf 83' lang='lat' dir='ltr'><strong>Rhodanum</strong></span> <span class='ocrx_word' id='word_1_62' title='bbox 427 1572 541 1650; x_wconf 86' lang='lat' dir='ltr'>influit,</span> <span class='ocrx_word' id='word_1_63' title='bbox 569 1575 608 1637; x_wconf 90' lang='lat' dir='ltr'>ad</span> <span class='ocrx_word' id='word_1_64' title='bbox 635 1583 772 1638; x_wconf 89' lang='lat' dir='ltr'>montem</span> <span class='ocrx_word' id='word_1_65' title='bbox 796 1574 915 1651; x_wconf 86' lang='lat' dir='ltr'>loram,</span> <span class='ocrx_word' id='word_1_66' title='bbox 943 1576 997 1657; x_wconf 94' lang='lat' dir='ltr'>qui</span> <span class='ocrx_word' id='word_1_67' title='bbox 1018 1576 1097 1639; x_wconf 90' lang='lat' dir='ltr'>fines</span> 
     </span>
     <span class='ocr_line' id='line_1_10' title="bbox 72 1665 1109 1751; baseline 0 -20"><span class='ocrx_word' id='word_1_68' title='bbox 72 1666 297 1751; x_wconf 79' lang='lat' dir='ltr'>Sequanorum</span> <span class='ocrx_word' id='word_1_69' title='bbox 319 1665 359 1731; x_wconf 89' lang='lat' dir='ltr'>ab</span> <span class='ocrx_word' id='word_1_70' title='bbox 382 1666 538 1730; x_wconf 87' lang='lat' dir='ltr'>Helvetiis</span> <span class='ocrx_word' id='word_1_71' title='bbox 561 1667 686 1743; x_wconf 84' lang='lat' dir='ltr'>dividit,</span> <span class='ocrx_word' id='word_1_72' title='bbox 709 1667 795 1731; x_wconf 88' lang='lat' dir='ltr'>milia</span> <span class='ocrx_word' id='word_1_73' title='bbox 816 1690 968 1751; x_wconf 82' lang='lat' dir='ltr'>passuum</span> <span class='ocrx_word' id='word_1_74' title='bbox 990 1667 1109 1731; x_wconf 88' lang='lat' dir='ltr'>decem</span> 
     </span>
     <span class='ocr_line' id='line_1_11' title="bbox 70 1761 1098 1847; baseline 0.001 -21"><span class='ocrx_word' id='word_1_75' title='bbox 70 1784 190 1827; x_wconf 71' lang='lat' dir='ltr'>novem</span> <span class='ocrx_word' id='word_1_76' title='bbox 207 1784 332 1825; x_wconf 91' lang='lat' dir='ltr'>murum</span> <span class='ocrx_word' id='word_1_77' title='bbox 348 1761 382 1824; x_wconf 93' lang='lat' dir='ltr'>in</span> <span class='ocrx_word' id='word_1_78' title='bbox 404 1762 599 1825; x_wconf 78' lang='lat' dir='ltr'>altitudinem</span> <span class='ocrx_word' id='word_1_79' title='bbox 621 1762 736 1847; x_wconf 90' lang='lat' dir='ltr'>pedum</span> <span class='ocrx_word' id='word_1_80' title='bbox 759 1762 896 1827; x_wconf 81' lang='lat' dir='ltr'>sedecim</span> <span class='ocrx_word' id='word_1_81' title='bbox 919 1762 1098 1846; x_wconf 82' lang='lat' dir='ltr'>fossamque</span> 
     </span>
     <span class='ocr_line' id='line_1_12' title="bbox 71 1856 1099 1941; baseline 0.003 -22"><span class='ocrx_word' id='word_1_82' title='bbox 71 1856 226 1941; x_wconf 85' lang='lat' dir='ltr'>perducit.</span> <span class='ocrx_word' id='word_1_83' title='bbox 271 1878 308 1920; x_wconf 93' lang='lat' dir='ltr'>eo</span> <span class='ocrx_word' id='word_1_84' title='bbox 330 1878 423 1941; x_wconf 91' lang='lat' dir='ltr'>opere</span> <span class='ocrx_word' id='word_1_85' title='bbox 449 1856 588 1940; x_wconf 84' lang='lat' dir='ltr'>perfecto</span> <span class='ocrx_word' id='word_1_86' title='bbox 614 1857 769 1941; x_wconf 87' lang='lat' dir='ltr'>praesidia</span> <span class='ocrx_word' id='word_1_87' title='bbox 795 1857 945 1941; x_wconf 87' lang='lat' dir='ltr'>disponit,</span> <span class='ocrx_word' id='word_1_88' title='bbox 973 1858 1099 1922; x_wconf 88' lang='lat' dir='ltr'>castella</span> 
     </span>
     <span class='ocr_line' id='line_1_13' title="bbox 72 1950 1097 2034; baseline 0 -19"><span class='ocrx_word' id='word_1_89' title='bbox 72 1950 261 2027; x_wconf 81' lang='lat' dir='ltr'>communit,</span> <span class='ocrx_word' id='word_1_90' title='bbox 283 1973 346 2034; x_wconf 91' lang='lat' dir='ltr'>quo</span> <span class='ocrx_word' id='word_1_91' title='bbox 368 1950 506 2029; x_wconf 81' lang='lat' dir='ltr'>facilius,</span> <span class='ocrx_word' id='word_1_92' title='bbox 530 1952 558 2016; x_wconf 91' lang='lat' dir='ltr'>si</span> <span class='ocrx_word' id='word_1_93' title='bbox 580 1975 613 2015; x_wconf 92' lang='lat' dir='ltr'>se</span> <span class='ocrx_word' id='word_1_94' title='bbox 636 1951 733 2016; x_wconf 79' lang='lat' dir='ltr'>invito</span> <span class='ocrx_word' id='word_1_95' title='bbox 752 1952 882 2015; x_wconf 86' lang='lat' dir='ltr'>transire</span> <span class='ocrx_word' id='word_1_96' title='bbox 904 1963 1097 2028; x_wconf 80' lang='lat' dir='ltr'>conarentur,</span> 
     </span>
     <span class='ocr_line' id='line_1_14' title="bbox 71 2044 1099 2130; baseline 0 -21"><span class='ocrx_word' id='word_1_97' title='bbox 71 2044 240 2129; x_wconf 91' lang='lat' dir='ltr'>prohibere</span> <span class='ocrx_word' id='word_1_98' title='bbox 265 2045 375 2130; x_wconf 87' lang='lat' dir='ltr'>possit.</span> <span class='ocrx_word' id='word_1_99' title='bbox 423 2044 478 2110; x_wconf 92' lang='lat' dir='ltr'>ubi</span> <span class='ocrx_word' id='word_1_100' title='bbox 505 2068 543 2109; x_wconf 88' lang='lat' dir='ltr'>ca</span> <span class='ocrx_word' id='word_1_101' title='bbox 568 2045 650 2123; x_wconf 88' lang='lat' dir='ltr'>dies,</span> <span class='ocrx_word' id='word_1_102' title='bbox 677 2068 772 2129; x_wconf 89' lang='lat' dir='ltr'>quam</span> <span class='ocrx_word' id='word_1_103' title='bbox 799 2046 1001 2111; x_wconf 86' lang='lat' dir='ltr'>constituerat</span> <span class='ocrx_word' id='word_1_104' title='bbox 1027 2069 1099 2110; x_wconf 92' lang='lat' dir='ltr'>cum</span> 
     </span>
     <span class='ocr_line' id='line_1_15' title="bbox 71 2138 1098 2225; baseline 0.002 -24"><span class='ocrx_word' id='word_1_105' title='bbox 71 2138 198 2225; x_wconf 83' lang='lat' dir='ltr'>legatis,</span> <span class='ocrx_word' id='word_1_106' title='bbox 214 2138 306 2215; x_wconf 82' lang='lat' dir='ltr'>veuit,</span> <span class='ocrx_word' id='word_1_107' title='bbox 320 2149 351 2203; x_wconf 92' lang='lat' dir='ltr'>ct</span> <span class='ocrx_word' id='word_1_108' title='bbox 369 2138 466 2224; x_wconf 86' lang='lat' dir='ltr'>legati</span> <span class='ocrx_word' id='word_1_109' title='bbox 479 2139 519 2203; x_wconf 85' lang='lat' dir='ltr'>ad</span> <span class='ocrx_word' id='word_1_110' title='bbox 532 2162 604 2203; x_wconf 92' lang='lat' dir='ltr'>eum</span> <span class='ocrx_word' id='word_1_111' title='bbox 621 2150 823 2217; x_wconf 85' lang='lat' dir='ltr'>reverterunt,</span> <span class='ocrx_word' id='word_1_112' title='bbox 842 2151 946 2225; x_wconf 84' lang='lat' dir='ltr'>negat,</span> <span class='ocrx_word' id='word_1_113' title='bbox 965 2162 999 2205; x_wconf 92' lang='lat' dir='ltr'>se</span> <span class='ocrx_word' id='word_1_114' title='bbox 1012 2162 1098 2203; x_wconf 90' lang='lat' dir='ltr'>moro</span> 
     </span>
     <span class='ocr_line' id='line_1_16' title="bbox 74 2232 1098 2319; baseline 0 -22"><span class='ocrx_word' id='word_1_115' title='bbox 74 2244 106 2297; x_wconf 90' lang='lat' dir='ltr'>et</span> <span class='ocrx_word' id='word_1_116' title='bbox 123 2232 269 2318; x_wconf 83' lang='lat' dir='ltr'>exemplo</span> <span class='ocrx_word' id='word_1_117' title='bbox 286 2233 395 2317; x_wconf 92' lang='lat' dir='ltr'>populi</span> <span class='ocrx_word' id='word_1_118' title='bbox 412 2233 548 2297; x_wconf 86' lang='lat' dir='ltr'>Romani</span> <span class='ocrx_word' id='word_1_119' title='bbox 566 2256 659 2318; x_wconf 88' lang='lat' dir='ltr'>posse</span> <span class='ocrx_word' id='word_1_120' title='bbox 677 2235 735 2299; x_wconf 90' lang='lat' dir='ltr'>iter</span> <span class='ocrx_word' id='word_1_121' title='bbox 753 2234 808 2297; x_wconf 91' lang='lat' dir='ltr'>ulli</span> <span class='ocrx_word' id='word_1_122' title='bbox 829 2256 885 2319; x_wconf 90' lang='lat' dir='ltr'>per</span> <span class='ocrx_word' id='word_1_123' title='bbox 906 2234 1098 2319; x_wconf 84' lang='lat' dir='ltr'>provinciam</span> 
     </span>
     <span class='ocr_line' id='line_1_17' title="bbox 74 2326 1097 2414; baseline 0.002 -25"><span class='ocrx_word' id='word_1_124' title='bbox 74 2326 149 2390; x_wconf 89' lang='lat' dir='ltr'>dare</span> <span class='ocrx_word' id='word_1_125' title='bbox 175 2338 221 2403; x_wconf 91' lang='lat' dir='ltr'>ct,</span> <span class='ocrx_word' id='word_1_126' title='bbox 244 2326 357 2390; x_wconf 81' lang='lat' dir='ltr'>sirim</span> <span class='ocrx_word' id='word_1_127' title='bbox 380 2326 483 2391; x_wconf 82' lang='lat' dir='ltr'>facere</span> <span class='ocrx_word' id='word_1_128' title='bbox 510 2338 675 2404; x_wconf 90' lang='lat' dir='ltr'>conentur,</span> <span class='ocrx_word' id='word_1_129' title='bbox 703 2328 931 2414; x_wconf 82' lang='lat' dir='ltr'>proliibiturmn</span> <span class='ocrx_word' id='word_1_130' title='bbox 952 2329 1097 2393; x_wconf 86' lang='lat' dir='ltr'>ostendit.</span> 
     </span>
     <span class='ocr_line' id='line_1_18' title="bbox 80 2420 1098 2506; baseline 0.001 -21"><span class='ocrx_word' id='word_1_131' title='bbox 80 2420 215 2485; x_wconf 80' lang='lat' dir='ltr'>Helvetii</span> <span class='ocrx_word' id='word_1_132' title='bbox 252 2442 290 2485; x_wconf 88' lang='lat' dir='ltr'>ea</span> <span class='ocrx_word' id='word_1_133' title='bbox 308 2443 364 2506; x_wconf 89' lang='lat' dir='ltr'>spe</span> <span class='ocrx_word' id='word_1_134' title='bbox 382 2421 493 2486; x_wconf 89' lang='lat' dir='ltr'>deiecti</span> <span class='ocrx_word' id='word_1_135' title='bbox 519 2422 652 2487; x_wconf 84' lang='lat' dir='ltr'>navibus</span> <span class='ocrx_word' id='word_1_136' title='bbox 674 2422 788 2487; x_wconf 88' lang='lat' dir='ltr'>iunctis</span> <span class='ocrx_word' id='word_1_137' title='bbox 810 2422 992 2506; x_wconf 89' lang='lat' dir='ltr'>ratibusque</span> <span class='ocrx_word' id='word_1_138' title='bbox 1014 2445 1098 2486; x_wconf 92' lang='lat' dir='ltr'>com·</span> 
     </span>
     <span class='ocr_line' id='line_1_19' title="bbox 82 2513 1098 2601; baseline 0.005 -25"><span class='ocrx_word' id='word_1_139' title='bbox 82 2513 219 2597; x_wconf 89' lang='lat' dir='ltr'>pluribus</span> <span class='ocrx_word' id='word_1_140' title='bbox 237 2514 344 2591; x_wconf 87' lang='lat' dir='ltr'>factis,</span> <span class='ocrx_word' id='word_1_141' title='bbox 368 2514 419 2579; x_wconf 92' lang='lat' dir='ltr'>alii</span> <span class='ocrx_word' id='word_1_142' title='bbox 442 2516 531 2580; x_wconf 78' lang='lat' dir='ltr'>vadis</span> <span class='ocrx_word' id='word_1_143' title='bbox 549 2516 711 2594; x_wconf 84' lang='lat' dir='ltr'>Rhodani,</span> <span class='ocrx_word' id='word_1_144' title='bbox 734 2539 797 2601; x_wconf 90' lang='lat' dir='ltr'>qua</span> <span class='ocrx_word' id='word_1_145' title='bbox 818 2518 946 2582; x_wconf 91' lang='lat' dir='ltr'>minima</span> <span class='ocrx_word' id='word_1_146' title='bbox 967 2517 1098 2581; x_wconf 86' lang='lat' dir='ltr'>altitudo</span> 
     </span>
     <span class='ocr_line' id='line_1_20' title="bbox 83 2606 1097 2695; baseline 0.006 -26"><span class='ocrx_word' id='word_1_147' title='bbox 83 2606 213 2671; x_wconf 84' lang='lat' dir='ltr'>fluminis</span> <span class='ocrx_word' id='word_1_148' title='bbox 241 2619 319 2686; x_wconf 87' lang='lat' dir='ltr'>erat,</span> <span class='ocrx_word' id='word_1_149' title='bbox 347 2632 581 2693; x_wconf 86' lang='lat' dir='ltr'>nonnumquam</span> <span class='ocrx_word' id='word_1_150' title='bbox 608 2610 755 2688; x_wconf 85' lang='lat' dir='ltr'>interdiu,</span> <span class='ocrx_word' id='word_1_151' title='bbox 784 2611 908 2695; x_wconf 87' lang='lat' dir='ltr'>saepius</span> <span class='ocrx_word' id='word_1_152' title='bbox 935 2623 1044 2688; x_wconf 88' lang='lat' dir='ltr'>noctu,</span> <span class='ocrx_word' id='word_1_153' title='bbox 1072 2612 1097 2675; x_wconf 89' lang='lat' dir='ltr'>si</span> 
     </span>
     <span class='ocr_line' id='line_1_21' title="bbox 87 2704 1099 2790; baseline 0.003 -26"><span class='ocrx_word' id='word_1_154' title='bbox 87 2721 277 2787; x_wconf 86' lang='lat' dir='ltr'>perrumpere</span> <span class='ocrx_word' id='word_1_155' title='bbox 307 2712 449 2787; x_wconf 85' lang='lat' dir='ltr'>possent,</span> <span class='ocrx_word' id='word_1_156' title='bbox 486 2704 588 2768; x_wconf 89' lang='lat' dir='ltr'>eonati</span> <span class='ocrx_word' id='word_1_157' title='bbox 619 2706 721 2790; x_wconf 89' lang='lat' dir='ltr'>operis</span> <span class='ocrx_word' id='word_1_158' title='bbox 756 2705 927 2769; x_wconf 90' lang='lat' dir='ltr'>munitione</span> <span class='ocrx_word' id='word_1_159' title='bbox 959 2716 990 2768; x_wconf 93' lang='lat' dir='ltr'>et</span> <span class='ocrx_word' id='word_1_160' title='bbox 1019 2705 1099 2769; x_wconf 89' lang='lat' dir='ltr'>mili-</span> 
     </span>
     <span class='ocr_line' id='line_1_22' title="bbox 91 2798 1097 2883; baseline 0.006 -28"><span class='ocrx_word' id='word_1_161' title='bbox 91 2808 150 2858; x_wconf 82' lang='lat' dir='ltr'>turn</span> <span class='ocrx_word' id='word_1_162' title='bbox 176 2818 328 2861; x_wconf 84' lang='lat' dir='ltr'>concursu</span> <span class='ocrx_word' id='word_1_163' title='bbox 359 2808 390 2861; x_wconf 92' lang='lat' dir='ltr'>et</span> <span class='ocrx_word' id='word_1_164' title='bbox 420 2799 489 2863; x_wconf 91' lang='lat' dir='ltr'>telis</span> <span class='ocrx_word' id='word_1_165' title='bbox 520 2799 637 2883; x_wconf 85' lang='lat' dir='ltr'>repulsi</span> <span class='ocrx_word' id='word_1_166' title='bbox 672 2799 732 2862; x_wconf 91' lang='lat' dir='ltr'>hoe</span> <span class='ocrx_word' id='word_1_167' title='bbox 764 2809 876 2863; x_wconf 86' lang='lat' dir='ltr'>conatu</span> <span class='ocrx_word' id='word_1_168' title='bbox 906 2798 1097 2863; x_wconf 85' lang='lat' dir='ltr'>destiterunt.</span> 
     </span>
     <span class='ocr_line' id='line_1_23' title="bbox 46 2866 1132 2976; baseline 0.006 -25"><span class='ocrx_word' id='word_1_169' title='bbox 46 2866 308 2973; x_wconf 38' lang='lat' dir='ltr'>breliuquebatur</span> <span class='ocrx_word' id='word_1_170' title='bbox 333 2915 396 2955; x_wconf 87' lang='lat' dir='ltr'>una</span> <span class='ocrx_word' id='word_1_171' title='bbox 421 2915 477 2976; x_wconf 90' lang='lat' dir='ltr'>per</span> <span class='ocrx_word' id='word_1_172' title='bbox 500 2891 665 2976; x_wconf 84' lang='lat' dir='ltr'>Sequanos</span> <span class='ocrx_word' id='word_1_173' title='bbox 688 2893 753 2969; x_wconf 79' lang='lat' dir='ltr'>viu,</span> <span class='ocrx_word' id='word_1_174' title='bbox 780 2915 843 2975; x_wconf 89' lang='lat' dir='ltr'>qua</span> <span class='ocrx_word' id='word_1_175' title='bbox 870 2890 1026 2975; x_wconf 89' lang='lat' dir='ltr'>Sequanis</span> <span class='ocrx_word' id='word_1_176' title='bbox 1053 2893 1132 2957; x_wconf 79' lang='lat' dir='ltr'>in-‘s</span> 
     </span>
     <span class='ocr_line' id='line_1_24' title="bbox 100 2980 1100 3072; baseline 0.008 -30"><span class='ocrx_word' id='word_1_177' title='bbox 100 2980 158 3046; x_wconf 78' lang='lat' dir='ltr'>titis</span> <span class='ocrx_word' id='word_1_178' title='bbox 178 2996 300 3071; x_wconf 88' lang='lat' dir='ltr'>propter</span> <span class='ocrx_word' id='word_1_179' title='bbox 327 2987 488 3071; x_wconf 83' lang='lat' dir='ltr'>angustias</span> <span class='ocrx_word' id='word_1_180' title='bbox 515 2988 559 3051; x_wconf 91' lang='lat' dir='ltr'>iro</span> <span class='ocrx_word' id='word_1_181' title='bbox 587 3011 649 3051; x_wconf 89' lang='lat' dir='ltr'>non</span> <span class='ocrx_word' id='word_1_182' title='bbox 676 2998 827 3072; x_wconf 88' lang='lat' dir='ltr'>poterant.</span> <span class='ocrx_word' id='word_1_183' title='bbox 871 2985 1016 3050; x_wconf 90' lang='lat' dir='ltr'>hiscum</span> <span class='ocrx_word' id='word_1_184' title='bbox 1043 3009 1100 3050; x_wconf 88' lang='lat' dir='ltr'>sua</span> 
     </span>
     <span class='ocr_line' id='line_1_25' title="bbox 106 3080 1099 3167; baseline 0.004 -28"><span class='ocrx_word' id='word_1_185' title='bbox 106 3088 192 3157; x_wconf 70' lang='lat' dir='ltr'>spana</span> <span class='ocrx_word' id='word_1_186' title='bbox 210 3080 399 3165; x_wconf 87' lang='lat' dir='ltr'>persuadere</span> <span class='ocrx_word' id='word_1_187' title='bbox 420 3105 485 3146; x_wconf 93' lang='lat' dir='ltr'>non</span> <span class='ocrx_word' id='word_1_188' title='bbox 506 3094 649 3167; x_wconf 80' lang='lat' dir='ltr'>possent,</span> <span class='ocrx_word' id='word_1_189' title='bbox 672 3083 793 3167; x_wconf 83' lang='lat' dir='ltr'>legatos</span> <span class='ocrx_word' id='word_1_190' title='bbox 812 3081 851 3145; x_wconf 88' lang='lat' dir='ltr'>ad</span> <span class='ocrx_word' id='word_1_191' title='bbox 869 3081 1099 3165; x_wconf 79' lang='lat' dir='ltr'>Dumnorigem</span> 
     </span>
     <span class='ocr_line' id='line_1_26' title="bbox 108 3164 1098 3263; baseline 0.002 -28"><span class='ocrx_word' id='word_1_192' title='bbox 108 3164 246 3237; x_wconf 80' lang='lat' dir='ltr'>Haeduum</span> <span class='ocrx_word' id='word_1_193' title='bbox 263 3175 400 3253; x_wconf 91' lang='lat' dir='ltr'>mittunt,</span> <span class='ocrx_word' id='word_1_194' title='bbox 419 3186 453 3238; x_wconf 91' lang='lat' dir='ltr'>ut</span> <span class='ocrx_word' id='word_1_195' title='bbox 471 3198 508 3240; x_wconf 90' lang='lat' dir='ltr'>eo</span> <span class='ocrx_word' id='word_1_196' title='bbox 526 3176 726 3261; x_wconf 84' lang='lat' dir='ltr'>deprecatore</span> <span class='ocrx_word' id='word_1_197' title='bbox 745 3173 934 3259; x_wconf 85' lang='lat' dir='ltr'>achuanis</span> <span class='ocrx_word' id='word_1_198' title='bbox 953 3175 1098 3263; x_wconf 89' lang='lat' dir='ltr'>impetra-</span> 
     </span>
     <span class='ocr_line' id='line_1_27' title="bbox 110 3264 1099 3356; baseline 0.006 -30"><span class='ocrx_word' id='word_1_199' title='bbox 110 3272 166 3326; x_wconf 83' lang='lat' dir='ltr'>reut</span> <span class='ocrx_word' id='word_1_200' title='bbox 184 3264 358 3333; x_wconf 78' lang='lat' dir='ltr'>Dumnorix</span> <span class='ocrx_word' id='word_1_201' title='bbox 376 3270 477 3355; x_wconf 79' lang='lat' dir='ltr'>gratia</span> <span class='ocrx_word' id='word_1_202' title='bbox 494 3280 526 3334; x_wconf 93' lang='lat' dir='ltr'>ct</span> <span class='ocrx_word' id='word_1_203' title='bbox 541 3270 705 3356; x_wconf 82' lang='lat' dir='ltr'>largitione</span> <span class='ocrx_word' id='word_1_204' title='bbox 722 3269 806 3355; x_wconf 89' lang='lat' dir='ltr'>apud</span> <span class='ocrx_word' id='word_1_205' title='bbox 821 3268 985 3354; x_wconf 90' lang='lat' dir='ltr'>Sequanos</span> <span class='ocrx_word' id='word_1_206' title='bbox 1004 3269 1099 3354; x_wconf 88' lang='lat' dir='ltr'>pluri-</span> 
     </span>
     <span class='ocr_line' id='line_1_28' title="bbox 112 3360 1099 3446; baseline 0.006 -25"><span class='ocrx_word' id='word_1_207' title='bbox 112 3372 174 3421; x_wconf 75' lang='lat' dir='ltr'>mun</span> <span class='ocrx_word' id='word_1_208' title='bbox 185 3372 302 3445; x_wconf 87' lang='lat' dir='ltr'>poterat</span> <span class='ocrx_word' id='word_1_209' title='bbox 314 3360 512 3428; x_wconf 83' lang='lat' dir='ltr'>etHelvetiis</span> <span class='ocrx_word' id='word_1_210' title='bbox 530 3375 597 3428; x_wconf 90' lang='lat' dir='ltr'>crat</span> <span class='ocrx_word' id='word_1_211' title='bbox 614 3365 743 3441; x_wconf 80' lang='lat' dir='ltr'>auricus,</span> <span class='ocrx_word' id='word_1_212' title='bbox 762 3364 846 3446; x_wconf 93' lang='lat' dir='ltr'>quod</span> <span class='ocrx_word' id='word_1_213' title='bbox 861 3386 902 3427; x_wconf 89' lang='lat' dir='ltr'>ex</span> <span class='ocrx_word' id='word_1_214' title='bbox 919 3387 957 3428; x_wconf 85' lang='lat' dir='ltr'>ea</span> <span class='ocrx_word' id='word_1_215' title='bbox 974 3363 1099 3427; x_wconf 86' lang='lat' dir='ltr'>civitate</span> 
     </span>
     <span class='ocr_line' id='line_1_29' title="bbox 114 3440 1098 3542; baseline 0.001 -23"><span class='ocrx_word' id='word_1_216' title='bbox 114 3440 276 3541; x_wconf 68' lang='lat' dir='ltr'>Orgetorigis</span> <span class='ocrx_word' id='word_1_217' title='bbox 299 3454 396 3521; x_wconf 86' lang='lat' dir='ltr'>liliam</span> <span class='ocrx_word' id='word_1_218' title='bbox 413 3457 448 3520; x_wconf 91' lang='lat' dir='ltr'>in</span> <span class='ocrx_word' id='word_1_219' title='bbox 466 3458 697 3522; x_wconf 88' lang='lat' dir='ltr'>matrimonium</span> <span class='ocrx_word' id='word_1_220' title='bbox 715 3458 861 3535; x_wconf 83' lang='lat' dir='ltr'>duxerat,</span> <span class='ocrx_word' id='word_1_221' title='bbox 881 3468 912 3521; x_wconf 89' lang='lat' dir='ltr'>et</span> <span class='ocrx_word' id='word_1_222' title='bbox 929 3457 1098 3542; x_wconf 86' lang='lat' dir='ltr'>eupiditate</span> 
     </span>
     <span class='ocr_line' id='line_1_30' title="bbox 113 3542 1098 3645; baseline 0.001 -32"><span class='ocrx_word' id='word_1_223' title='bbox 113 3542 176 3645; x_wconf 86' lang='grc' dir='ltr'>ἥξω</span> <span class='ocrx_word' id='word_1_224' title='bbox 196 3550 346 3615; x_wconf 87' lang='lat' dir='ltr'>adductus</span> <span class='ocrx_word' id='word_1_225' title='bbox 372 3552 462 3615; x_wconf 89' lang='lat' dir='ltr'>novis</span> <span class='ocrx_word' id='word_1_226' title='bbox 489 3551 584 3616; x_wconf 89' lang='lat' dir='ltr'>rebus</span> <span class='ocrx_word' id='word_1_227' title='bbox 611 3551 757 3617; x_wconf 86' lang='lat' dir='ltr'>studebat</span> <span class='ocrx_word' id='word_1_228' title='bbox 780 3562 810 3616; x_wconf 91' lang='lat' dir='ltr'>et</span> <span class='ocrx_word' id='word_1_229' title='bbox 832 3574 926 3635; x_wconf 89' lang='lat' dir='ltr'>quam</span> <span class='ocrx_word' id='word_1_230' title='bbox 948 3551 1098 3636; x_wconf 84' lang='lat' dir='ltr'>plurimas</span> 
     </span>
     <span class='ocr_line' id='line_1_31' title="bbox 114 3643 1099 3727; baseline 0.002 -21"><span class='ocrx_word' id='word_1_231' title='bbox 114 3644 218 3706; x_wconf 63' lang='lat' dir='ltr'>elllltttes</span> <span class='ocrx_word' id='word_1_232' title='bbox 240 3666 297 3708; x_wconf 86' lang='lat' dir='ltr'>suo</span> <span class='ocrx_word' id='word_1_233' title='bbox 319 3643 472 3710; x_wconf 87' lang='lat' dir='ltr'>beneficio</span> <span class='ocrx_word' id='word_1_234' title='bbox 493 3646 609 3711; x_wconf 92' lang='lat' dir='ltr'>habere</span> <span class='ocrx_word' id='word_1_235' title='bbox 633 3646 797 3710; x_wconf 87' lang='lat' dir='ltr'>obstrictas</span> <span class='ocrx_word' id='word_1_236' title='bbox 816 3645 950 3710; x_wconf 86' lang='lat' dir='ltr'>volebat.</span> <span class='ocrx_word' id='word_1_237' title='bbox 994 3645 1099 3727; x_wconf 89' lang='lat' dir='ltr'>itaque</span> 
     </span>
     <span class='ocr_line' id='line_1_32' title="bbox 113 3737 1099 3825; baseline 0.004 -26"><span class='ocrx_word' id='word_1_238' title='bbox 113 3742 161 3789; x_wconf 84' lang='grc' dir='ltr'>ἥω</span> <span class='ocrx_word' id='word_1_239' title='bbox 176 3738 297 3825; x_wconf 88' lang='lat' dir='ltr'>suscipit</span> <span class='ocrx_word' id='word_1_240' title='bbox 319 3749 350 3803; x_wconf 92' lang='lat' dir='ltr'>et</span> <span class='ocrx_word' id='word_1_241' title='bbox 371 3763 391 3804; x_wconf 89' lang='lat' dir='ltr'>a</span> <span class='ocrx_word' id='word_1_242' title='bbox 414 3737 569 3823; x_wconf 88' lang='lat' dir='ltr'>Sequanis</span> <span class='ocrx_word' id='word_1_243' title='bbox 592 3740 750 3825; x_wconf 88' lang='lat' dir='ltr'>impetrat,</span> <span class='ocrx_word' id='word_1_244' title='bbox 778 3749 813 3804; x_wconf 93' lang='lat' dir='ltr'>ut</span> <span class='ocrx_word' id='word_1_245' title='bbox 838 3763 894 3825; x_wconf 92' lang='lat' dir='ltr'>per</span> <span class='ocrx_word' id='word_1_246' title='bbox 920 3740 998 3803; x_wconf 89' lang='lat' dir='ltr'>fines</span> <span class='ocrx_word' id='word_1_247' title='bbox 1026 3761 1099 3803; x_wconf 89' lang='lat' dir='ltr'>suos</span> 
     </span>
     <span class='ocr_line' id='line_1_33' title="bbox 113 3812 1099 3918; baseline 0.016 -39"><span class='ocrx_word' id='word_1_248' title='bbox 113 3812 241 3897; x_wconf 86' lang='lat' dir='ltr'>llelretios</span> <span class='ocrx_word' id='word_1_249' title='bbox 263 3832 308 3897; x_wconf 90' lang='lat' dir='ltr'>ire</span> <span class='ocrx_word' id='word_1_250' title='bbox 333 3834 505 3918; x_wconf 88' lang='lat' dir='ltr'>patiantur,</span> <span class='ocrx_word' id='word_1_251' title='bbox 533 3834 721 3918; x_wconf 89' lang='lat' dir='ltr'>obsidesque</span> <span class='ocrx_word' id='word_1_252' title='bbox 744 3835 789 3898; x_wconf 92' lang='lat' dir='ltr'>uti</span> <span class='ocrx_word' id='word_1_253' title='bbox 815 3835 895 3898; x_wconf 91' lang='lat' dir='ltr'>inter</span> <span class='ocrx_word' id='word_1_254' title='bbox 921 3856 990 3898; x_wconf 88' lang='lat' dir='ltr'>seso</span> <span class='ocrx_word' id='word_1_255' title='bbox 1016 3834 1099 3908; x_wconf 91' lang='lat' dir='ltr'>dent,</span> 
     </span>
     <span class='ocr_line' id='line_1_34' title="bbox 112 3916 1100 4012; baseline -0.004 -19"><span class='ocrx_word' id='word_1_256' title='bbox 112 3916 212 3993; x_wconf 59' lang='lat' dir='ltr'>llffitit:</span> <span class='ocrx_word' id='word_1_257' title='bbox 237 3924 391 4011; x_wconf 85' lang='lat' dir='ltr'>Sequani,</span> <span class='ocrx_word' id='word_1_258' title='bbox 414 3952 454 3992; x_wconf 92' lang='lat' dir='ltr'>ne</span> <span class='ocrx_word' id='word_1_259' title='bbox 480 3929 589 3993; x_wconf 88' lang='lat' dir='ltr'>itinere</span> <span class='ocrx_word' id='word_1_260' title='bbox 611 3928 775 3992; x_wconf 82' lang='lat' dir='ltr'>llelvetlos</span> <span class='ocrx_word' id='word_1_261' title='bbox 802 3927 999 4012; x_wconf 89' lang='lat' dir='ltr'>prohibeant,</span> <span class='ocrx_word' id='word_1_262' title='bbox 1022 3927 1100 3991; x_wconf 89' lang='lat' dir='ltr'>Hel-</span> 
     </span>
     <span class='ocr_line' id='line_1_35' title="bbox 113 4008 1152 4089; baseline -0.002 0"><span class='ocrx_word' id='word_1_263' title='bbox 113 4008 175 4089; x_wconf 80' lang='lat' dir='ltr'>tetii,</span> <span class='ocrx_word' id='word_1_264' title='bbox 193 4030 223 4083; x_wconf 89' lang='lat' dir='ltr'>ut</span> <span class='ocrx_word' id='word_1_265' title='bbox 244 4020 311 4085; x_wconf 86' lang='lat' dir='ltr'>sine</span> <span class='ocrx_word' id='word_1_266' title='bbox 333 4022 485 4087; x_wconf 85' lang='lat' dir='ltr'>maleficio</span> <span class='ocrx_word' id='word_1_267' title='bbox 508 4033 538 4086; x_wconf 90' lang='lat' dir='ltr'>et</span> <span class='ocrx_word' id='word_1_268' title='bbox 560 4022 672 4087; x_wconf 86' lang='lat' dir='ltr'>iniuria</span> <span class='ocrx_word' id='word_1_269' title='bbox 694 4032 874 4086; x_wconf 80' lang='lat' dir='ltr'>transeunt·</span> <span class='ocrx_word' id='word_1_270' title='bbox 902 4021 1031 4087; x_wconf 85' lang='lat' dir='ltr'>Caesari</span> <span class='ocrx_word' id='word_1_271' title='bbox 1053 4040 1152 4087; x_wconf 85' lang='lat' dir='ltr'>re-10</span> 
     </span>
     <span class='ocr_line' id='line_1_36' title="bbox 112 4108 1101 4200; baseline 0.006 -27"><span class='ocrx_word' id='word_1_272' title='bbox 112 4108 249 4190; x_wconf 70' lang='lat' dir='ltr'>tutatur,</span> <span class='ocrx_word' id='word_1_273' title='bbox 267 4114 425 4180; x_wconf 88' lang='lat' dir='ltr'>Helvetiis</span> <span class='ocrx_word' id='word_1_274' title='bbox 448 4139 518 4180; x_wconf 91' lang='lat' dir='ltr'>csse</span> <span class='ocrx_word' id='word_1_275' title='bbox 542 4117 574 4180; x_wconf 93' lang='lat' dir='ltr'>in</span> <span class='ocrx_word' id='word_1_276' title='bbox 596 4116 714 4193; x_wconf 90' lang='lat' dir='ltr'>animo&#39;,</span> <span class='ocrx_word' id='word_1_277' title='bbox 733 4139 789 4200; x_wconf 83' lang='lat' dir='ltr'>per</span> <span class='ocrx_word' id='word_1_278' title='bbox 810 4139 920 4199; x_wconf 77' lang='lat' dir='ltr'>ugrum</span> <span class='ocrx_word' id='word_1_279' title='bbox 940 4114 1101 4199; x_wconf 84' lang='lat' dir='ltr'>Sequano-</span> 
     </span>
     <span class='ocr_line' id='line_1_37' title="bbox 109 4207 1101 4292; baseline 0.002 -23"><span class='ocrx_word' id='word_1_280' title='bbox 109 4216 159 4263; x_wconf 84' lang='grc' dir='ltr'>ἥω</span> <span class='ocrx_word' id='word_1_281' title='bbox 175 4217 202 4270; x_wconf 93' lang='lat' dir='ltr'>ct</span> <span class='ocrx_word' id='word_1_282' title='bbox 221 4207 427 4273; x_wconf 85' lang='lat' dir='ltr'>Haeduorum</span> <span class='ocrx_word' id='word_1_283' title='bbox 454 4210 513 4274; x_wconf 91' lang='lat' dir='ltr'>iter</span> <span class='ocrx_word' id='word_1_284' title='bbox 538 4210 570 4273; x_wconf 92' lang='lat' dir='ltr'>iu</span> <span class='ocrx_word' id='word_1_285' title='bbox 599 4210 774 4273; x_wconf 80' lang='lat' dir='ltr'>Santonum</span> <span class='ocrx_word' id='word_1_286' title='bbox 800 4210 877 4273; x_wconf 87' lang='lat' dir='ltr'>fines</span> <span class='ocrx_word' id='word_1_287' title='bbox 904 4210 1021 4285; x_wconf 77' lang='lat' dir='ltr'>l&#39;aeere,</span> <span class='ocrx_word' id='word_1_288' title='bbox 1048 4210 1101 4292; x_wconf 91' lang='lat' dir='ltr'>qui</span> 
     </span>
     <span class='ocr_line' id='line_1_38' title="bbox 107 4298 1101 4388; baseline 0.002 -24"><span class='ocrx_word' id='word_1_289' title='bbox 107 4312 153 4359; x_wconf 81' lang='lat' dir='ltr'>110ss</span> <span class='ocrx_word' id='word_1_290' title='bbox 175 4298 263 4388; x_wconf 85' lang='lat' dir='ltr'>longe</span> <span class='ocrx_word' id='word_1_291' title='bbox 294 4328 314 4367; x_wconf 87' lang='lat' dir='ltr'>a</span> <span class='ocrx_word' id='word_1_292' title='bbox 339 4303 535 4368; x_wconf 88' lang='lat' dir='ltr'>Tolosatium</span> <span class='ocrx_word' id='word_1_293' title='bbox 569 4303 684 4368; x_wconf 88' lang='lat' dir='ltr'>linibus</span> <span class='ocrx_word' id='word_1_294' title='bbox 717 4303 844 4377; x_wconf 85' lang='lat' dir='ltr'>absunt,</span> <span class='ocrx_word' id='word_1_295' title='bbox 881 4327 961 4386; x_wconf 89' lang='lat' dir='ltr'>quae</span> <span class='ocrx_word' id='word_1_296' title='bbox 992 4303 1101 4368; x_wconf 84' lang='lat' dir='ltr'>civitas</span> 
     </span>
     <span class='ocr_line' id='line_1_39' title="bbox 105 4392 1098 4484; baseline 0.002 -27"><span class='ocrx_word' id='word_1_297' title='bbox 105 4392 186 4457; x_wconf 61' lang='lat' dir='ltr'>telin</span> <span class='ocrx_word' id='word_1_298' title='bbox 208 4397 378 4482; x_wconf 78' lang='lat' dir='ltr'>provincia.</span> <span class='ocrx_word' id='word_1_299' title='bbox 424 4398 456 4461; x_wconf 91' lang='lat' dir='ltr'>id</span> <span class='ocrx_word' id='word_1_300' title='bbox 479 4399 507 4462; x_wconf 89' lang='lat' dir='ltr'>si</span> <span class='ocrx_word' id='word_1_301' title='bbox 529 4398 631 4475; x_wconf 82' lang='lat' dir='ltr'>ficret&#39;,</span> <span class='ocrx_word' id='word_1_302' title='bbox 659 4397 860 4483; x_wconf 81' lang='lat' dir='ltr'>intellegebat</span> <span class='ocrx_word' id='word_1_303' title='bbox 887 4423 1001 4484; x_wconf 81' lang='lat' dir='ltr'>magno</span> <span class='ocrx_word' id='word_1_304' title='bbox 1028 4420 1098 4461; x_wconf 88' lang='lat' dir='ltr'>cum</span> 
     </span>
     <span class='ocr_line' id='line_1_40' title="bbox 99 4486 1098 4577; baseline 0.001 -26"><span class='ocrx_word' id='word_1_305' title='bbox 99 4486 214 4569; x_wconf 84' lang='lat' dir='ltr'>periculo</span> <span class='ocrx_word' id='word_1_306' title='bbox 230 4492 409 4577; x_wconf 76' lang='lat' dir='ltr'>provinciae</span> <span class='ocrx_word' id='word_1_307' title='bbox 428 4492 578 4569; x_wconf 75' lang='lat' dir='ltr'>littorum,</span> <span class='ocrx_word' id='word_1_308' title='bbox 595 4507 628 4557; x_wconf 94' lang='lat' dir='ltr'>ut</span> <span class='ocrx_word' id='word_1_309' title='bbox 645 4493 786 4557; x_wconf 90' lang='lat' dir='ltr'>homines</span> <span class='ocrx_word' id='word_1_310' title='bbox 805 4492 979 4569; x_wconf 86' lang='lat' dir='ltr'>bellicosos,</span> <span class='ocrx_word' id='word_1_311' title='bbox 993 4490 1098 4576; x_wconf 91' lang='lat' dir='ltr'>populi</span> 
     </span>
     <span class='ocr_line' id='line_1_41' title="bbox 97 4578 1100 4673; baseline 0.002 -27"><span class='ocrx_word' id='word_1_312' title='bbox 97 4578 213 4651; x_wconf 82' lang='lat' dir='ltr'>Romani</span> <span class='ocrx_word' id='word_1_313' title='bbox 229 4586 388 4664; x_wconf 89' lang='lat' dir='ltr'>inimicos,</span> <span class='ocrx_word' id='word_1_314' title='bbox 410 4586 487 4653; x_wconf 87' lang='lat' dir='ltr'>loeis</span> <span class='ocrx_word' id='word_1_315' title='bbox 510 4588 690 4673; x_wconf 85' lang='lat' dir='ltr'>patentibus</span> <span class='ocrx_word' id='word_1_316' title='bbox 712 4588 909 4670; x_wconf 79' lang='lat' dir='ltr'>maximeque</span> <span class='ocrx_word' id='word_1_317' title='bbox 932 4588 1100 4651; x_wconf 80' lang='lat' dir='ltr'>frumcnta-</span> 
     </span>
    </p>
   </div>
   <div class='ocr_carea' id='block_1_3' title="bbox 0 0 1351 5206">
    <p class='ocr_par' dir='ltr' id='par_1_3' title="bbox 0 0 1351 5206">
     <span class='ocr_line' id='line_1_42' title="bbox 0 0 1351 5206; baseline 0 0"><span class='ocrx_word' id='word_1_318' title='bbox 0 0 1351 5206; x_wconf 95' lang='lat' dir='ltr'> </span> 
     </span>
    </p>
   </div>
  </div>
 </body>
</html>
