2738 5272
268 761 331 829 lld
585 774 639 832 DE
655 772 782 831 BELLO
801 773 967 835 enumco

267 909 299 966 et
315 898 356 965 ob
374 919 443 964 eam
465 919 607 977 causam,
632 898 718 982 quod
733 910 869 986 'regnum
891 897 1070 985 appetebat,
1097 897 1137 982 ab
1159 898 1286 965 civitate

267 1003 333 1060 erat
348 991 542 1070 interfectus,
566 994 743 1059 convocatis
762 994 827 1059 suis
845 993 1007 1059 clientibus
1029 993 1120 1058 facile
1138 993 1286 1060 incendit.

266 1088 391 1175 cognito
409 1087 476 1151 eius
494 1087 623 1152 consilio
641 1087 681 1151 ad
698 1111 785 1152 arma
802 1088 1001 1153 concurritur.
1045 1087 1226 1173 prohibetur
1243 1085 1285 1152 ab

267 1180 507 1258 Gobannitione,
521 1191 631 1266 patruo
641 1204 711 1259 suo,
721 1181 911 1265 reliquisque
920 1181 1122 1267 principibus,
1136 1182 1191 1265 qui
1203 1180 1286 1246 banc

266 1275 478 1361 temptandam
496 1274 653 1339 fortunam
670 1297 733 1339 non
751 1274 980 1352 existimabant,
997 1276 1161 1360 expellitur
1173 1297 1212 1340 ex
1229 1297 1287 1360 op·

266 1371 340 1456 pido
363 1365 536 1454 Gergovia3
562 1391 626 1434 non
646 1368 763 1433 destitit
784 1378 888 1434 tamen
909 1379 1001 1452 atque
1026 1369 1059 1433 in
1085 1370 1169 1454 agris
1191 1368 1287 1433 habet

266 1464 421 1530 delectum
434 1462 591 1548 egentium
605 1484 643 1528 ac
655 1463 854 1548 perditorum.
880 1462 941 1528 hac
953 1473 1061 1528 coacta
1073 1486 1177 1541 manu,
1190 1485 1287 1546 quos-

267 1579 400 1641 cumque
426 1557 491 1622 adit
513 1578 552 1620 ex
574 1556 710 1633 civitate,
737 1557 777 1621 ad
804 1579 894 1621 suam
920 1557 1103 1621 sententiam
1129 1556 1285 1641 perducit;

266 1652 420 1729 hortatur,
437 1660 473 1714 ut
489 1650 662 1715 communis
679 1649 829 1714 libertatis
848 1671 942 1714 causa
959 1673 1047 1715 arma
1064 1650 1200 1734 capiant,
1219 1672 1286 1713 ma-

267 1747 400 1834 gnisque
421 1744 537 1810 coactis
559 1744 657 1829 copiis
679 1744 871 1808 adversarios
895 1765 983 1822 suos,
1010 1767 1030 1809 a
1055 1743 1168 1827 quibus
1191 1743 1286 1828 paulo

267 1850 338 1906 ante
356 1848 421 1906 erat
438 1839 568 1915 eiectus,
587 1838 713 1924 expellit
730 1861 770 1903 ex
786 1837 919 1904 civitate.
963 1861 1019 1903 rex
1036 1838 1076 1903 ab
1095 1839 1159 1903 suis
1178 1839 1285 1923 appel-

267 1934 356 1999 latur.
400 1932 526 1997 dimittit
542 1953 776 2016 quoqueversus
793 1932 979 2018 legationes;
997 1933 1182 2009 obtestatur,
1200 1933 1285 1997 utin

266 2028 329 2093 fide
346 2035 499 2092 maneant.
544 2026 682 2091 celeriter
700 2026 759 2091 sibi
778 2024 934 2103 Senones,
952 2027 1104 2103 Parisios,
1127 2027 1284 2104 Pictones,

269 2121 444 2197 Cadurcos,
470 2119 629 2197 Turonos,
655 2118 823 2197 Aulercos,
849 2120 1052 2196 Lemovices,
1078 2120 1189 2185 Andos
1214 2121 1287 2185 reli·

267 2236 409 2299 quosque
430 2235 553 2291 omnes,
580 2213 634 2297 qui
657 2211 821 2279 Oceanum
843 2215 1013 2301 attingunt,
1038 2215 1192 2300 adiungit3
1219 2238 1287 2279 om·

266 2309 354 2372 nium
376 2328 530 2372 consensu
552 2307 685 2371 adeum
711 2307 849 2371 defertur
873 2308 1046 2392 imperium.
1094 2331 1156 2391 qua
1181 2307 1286 2373 oblata

266 2411 419 2488 potestate
436 2400 580 2466 omnibus
598 2400 647 2466 his
665 2401 841 2466 civitatibus
859 2401 985 2467 obsides
1003 2403 1147 2487 imperat,
1166 2412 1285 2466 certum

266 2519 429 2561 numerum
447 2494 581 2560 militum
598 2495 638 2559 ad
661 2517 694 2560 se
712 2495 852 2561 celeriter
873 2496 986 2560 adduci
1003 2496 1103 2573 iubet,
1126 2518 1282 2561 armorum

267 2600 417 2675 quantum
434 2611 575 2673 quaeque
593 2589 702 2654 civitas
720 2590 804 2655 domi
821 2590 966 2675 quodque
984 2600 1055 2656 ante
1078 2601 1198 2676 tempus
1217 2589 1285 2654 elfi-

266 2685 341 2761 ciat,
361 2684 533 2750 constituit:
559 2683 717 2768 inprimis
735 2684 885 2768 equitatui
904 2685 1016 2750 studet.
1061 2705 1199 2750 summae
1218 2683 1285 2747 dili-

266 2779 389 2866 gentiae
411 2800 566 2844 summam
586 2777 708 2862 imperii
730 2778 925 2844 severitatem
947 2778 1046 2843 addit:
1073 2777 1285 2864 magnitudine

268 2873 411 2957 supplicii
429 2873 606 2938 dubitantes
625 2873 716 2958 cogit.
760 2895 833 2936 nam
855 2873 971 2937 maiore
990 2873 1155 2937 commisso
1173 2872 1285 2936 delicto

267 2967 333 3052 igni
350 2977 443 3050 atque
460 2966 603 3032 omnibus
622 2966 781 3032 tormentis
799 2976 903 3043 necat,
929 2966 1044 3032 leviore
1062 2967 1101 3030 de
1119 2988 1214 3029 causa
1231 2988 1287 3029 uu-

267 3060 353 3125 ribus
372 3060 505 3124 desectis
524 3069 578 3123 aut
595 3059 725 3146 singulis
745 3059 869 3126 effossis
887 3060 985 3126 oculis
1003 3060 1130 3124 domum
1147 3059 1285 3135 remittit,

267 3162 303 3216 ut
320 3153 382 3216 sint
398 3153 524 3236 reliquis
542 3153 728 3218 documento
746 3163 777 3218 ct
798 3154 1011 3240 magnitudine
1032 3174 1151 3237 poenae
1169 3164 1287 3235 perter-

234 3255 356 3310 ereant
373 3245 460 3309 alios.
488 3245 537 3310 his
556 3245 715 3330 suppliciis
735 3246 874 3312 celeriter
891 3256 997 3312 coacto
1015 3246 1152 3311 exercitu
1169 3246 1287 3309 Lucte-

267 3338 348 3402 rium
366 3338 559 3415 Cadurcum,
576 3361 727 3404 summae
745 3341 903 3405 hominem
920 3341 1082 3417 audaciae,
1111 3363 1181 3405 cum
1199 3352 1286 3424 purte

268 3433 427 3518 copiarum
443 3433 477 3497 in
489 3433 630 3497 Rutenos
649 3435 755 3510 mittit;
773 3435 840 3520 ipse
854 3435 887 3499 in
900 3435 1058 3522 Bituriges
1072 3435 1285 3521 proficiscitur.

268 3526 335 3592 eius
354 3527 489 3591 adventu
502 3527 661 3614 Bituriges
679 3529 719 3592 ad
732 3528 895 3607 Haeduos,
914 3551 1046 3613 quorum
1064 3540 1151 3594 erant
1169 3530 1200 3591 in
1213 3528 1284 3602 fide,

268 3619 388 3707 legatos
405 3621 531 3685 mittunt
548 3620 723 3686 subsidium
739 3634 898 3708 rogatum,
921 3646 984 3707 quo
1006 3623 1127 3687 facilius
1150 3622 1287 3684 hostium

268 3716 374 3800 copias
397 3715 549 3780 sustinere
572 3716 702 3800 possint.
746 3715 874 3782 Haedui
894 3717 934 3781 de
956 3716 1084 3782 consilio
1101 3715 1285 3799 legatorum,

268 3831 347 3893 quos
375 3807 494 3874 Caesar
518 3810 559 3874 ad
585 3810 754 3874 exercitum
783 3811 962 3895 reliquerat,
993 3810 1098 3894 copias
1129 3808 1286 3890 equitatus

267 3903 485 3987 peditatusque
511 3903 651 3968 subsidio
673 3903 868 3989 Biturigibus
894 3904 1028 3968 mittunt.
1073 3901 1126 3983 qui
1149 3923 1219 3964 cum
1246 3903 1287 3964 ad

268 3996 384 4061 flumen
409 3997 550 4082 Ligerim
577 3997 748 4074 venissent,
780 3998 864 4081 quod
890 3996 1048 4080 Bituriges
1076 3995 1115 4059 ab
1142 3995 1286 4059 Haeduis

269 4088 392 4166 dividit,
411 4112 528 4175 paucos
546 4091 613 4155 dies
631 4091 674 4156 ibi
692 4091 803 4156 morati
819 4111 919 4174 neque
937 4089 1053 4154 flumen
1071 4090 1200 4154 transire
1218 4090 1286 4154 ausi

268 4181 396 4246 domum
417 4194 613 4249 revertuntur
632 4185 807 4271 legatisque
832 4184 946 4249 uostris
972 4184 1150 4249 renuntiant
1176 4207 1209 4248 se
1232 4184 1286 4248 Bi-

269 4275 406 4360 turigum
430 4277 592 4360 perfidiam
617 4279 732 4344 veritos
757 4279 936 4356 revertisse,
968 4278 1081 4363 quibus
1108 4279 1140 4342 id
1167 4277 1285 4341 consilii

268 4366 366 4432 fuisse
383 4371 593 4453 cognoverint,
612 4382 656 4449 ut,
675 4372 702 4437 si
719 4371 835 4437 tlumen
852 4373 1045 4449 transissent,
1063 4395 1126 4436 una
1143 4394 1182 4444 ex
1199 4382 1285 4455 purte

268 4461 338 4546 ipsi,
357 4462 453 4527 altera
469 4461 604 4529 Arverni
622 4487 656 4530 se
673 4465 944 4533 circumsisterent.
979 4467 1012 4531 id
1029 4489 1105 4530 cane
1123 4467 1162 4528 de
1180 4487 1284 4541 causa,

268 4578 363 4641 quam
379 4555 491 4642 legatis
512 4559 761 4643 pronuntiarunt,
788 4584 829 4626 an
846 4562 976 4647 perfidia
997 4559 1123 4626 adducti
1143 4558 1284 4636 feceriut,
