2692 5206
420 793 539 850 couti.
557 794 579 848 1.
597 793 715 849 32-35.
1038 781 1075 845 17

39 948 75 994 ne
122 916 159 983 in
183 915 305 982 occulto
332 917 458 999 quidem
483 918 571 1000 queri
601 940 702 1002 noque
732 918 881 983 auxilium
911 917 1076 1004 implorare

44 1013 210 1085 auderent
226 1011 428 1095 absentisque
445 1011 596 1076 Ariovisti
619 1012 845 1090 crudelitatem,
867 1011 952 1076 velut
974 1012 1000 1078 si
1023 1034 1075 1076 eo·

48 1129 129 1177 ram
155 1104 293 1182 adesset,
319 1105 493 1182 horrerent,
520 1117 685 1191 propterca
710 1107 794 1190 quod
818 1106 945 1189 reliquis
972 1118 1076 1170 tamen

54 1205 159 1287 fugae
174 1200 304 1265 facultas
322 1200 456 1276 daretur,
473 1198 626 1283 Sequanis
641 1223 724 1276 vcro,
738 1201 791 1284 qui
809 1201 890 1265 intra
905 1201 983 1266 fines
1002 1222 1076 1265 suos

62 1293 256 1361 hrioristum
267 1294 467 1378 recepissent,
481 1316 613 1377 quorum
627 1295 742 1379 oppida
754 1294 858 1359 omnia
875 1294 907 1357 in
923 1304 1076 1379 potestate

66 1387 137 1452 eius
153 1397 261 1464 essent,
279 1409 388 1452 omnes
407 1388 561 1452 cruciatus
580 1401 684 1451 essent
702 1387 886 1473 perferendi.

128 1478 185 1544 His
200 1479 293 1544 rebus
307 1481 439 1566 cognitis
451 1479 570 1545 Caesar
580 1479 743 1545 Gallorum
756 1481 875 1545 animos
888 1480 991 1545 verbis
1005 1502 1077 1544 con·
1096 1498 1127 1544 sa

75 1570 197 1638 firmavit
220 1574 438 1659 pollicitusque
464 1586 513 1639 cst
538 1575 598 1640 sibi
625 1598 693 1639 cam
715 1598 781 1639 rcm
808 1596 900 1639 curae
927 1575 1076 1639 futuram:

81 1685 209 1750 mugmm
230 1690 265 1733 sc
287 1667 402 1732 habore
426 1690 513 1754 spem
536 1679 567 1732 et
589 1667 739 1733 beneficio
762 1690 819 1733 suo
846 1679 876 1732 et
897 1668 1077 1733 auctoritate
1100 1675 1103 1681 ’

87 1755 229 1826 adductum
246 1761 444 1827 Aristaeum
465 1763 559 1828 finem
580 1763 699 1827 iniuriis
722 1762 885 1827 facturum.
929 1762 989 1826 hac
1011 1783 1079 1826 ora-

91 1846 158 1916 tione
172 1854 273 1921 habita
298 1856 464 1921 concilium
489 1857 615 1921 (limisit.
657 1867 688 1921 et
710 1857 882 1922 secundum
904 1878 942 1920 ea
962 1856 1078 1920 multae

95 1961 133 2007 res
146 1968 203 2013 eum
218 1949 436 2027 hortabantur,
458 1973 554 2034 quare
573 1950 632 2015 sibi
654 1973 722 2015 eam
744 1974 810 2014 rcm
832 1950 1030 2036 cogitandam
1048 1960 1078 2014 ct

97 2041 293 2126 suscipiendam
306 2054 438 2129 putaret,
447 2045 598 2129 imprimis
612 2046 695 2129 quod
704 2045 865 2121 Haeduos,
880 2044 991 2109 fratres
1005 2067 1079 2109 con-

98 2136 311 2221 mguneosque
326 2160 549 2223 saepenumero
567 2162 586 2202 a
604 2149 714 2203 senatu
731 2138 913 2224 appellatos,
932 2139 964 2203 in
983 2139 1079 2204 sorvi-

98 2226 143 2289 lutc
151 2243 232 2315 atque
244 2231 279 2295 in
291 2230 412 2295 dicione
425 2229 550 2295 videbat
560 2229 786 2298 Germanorum
800 2232 896 2296 teneri
910 2254 1078 2316 eorumque

97 2312 189 2388 clades
210 2346 280 2390 esse
303 2325 386 2409 apud
403 2324 598 2390 Ariovistum
620 2348 657 2391 ae
680 2325 843 2410 Sequanos
865 2326 1077 2413 intellegebat3

10 2448 12 2493 ;
94 2415 197 2493 quodin
213 2428 299 2483 tanto
316 2419 446 2504 imperio
462 2420 571 2505 populi
587 2420 721 2486 Romani
740 2423 952 2508 turpissimum
970 2420 1030 2485 sibi
1048 2433 1079 2485 et

10 2498 15 2603 l
89 2506 248 2594 reipublicae
266 2534 336 2577 csse
353 2513 567 2578 arbitrabatur.
615 2515 763 2599 paulatim
781 2528 885 2582 autom
904 2513 1078 2580 Germanos

87 2620 268 2671 consuescere
277 2606 423 2671 Rhenum
436 2608 564 2672 transire
578 2620 609 2673 ct
622 2610 655 2673 in
664 2607 798 2674 Galliam
813 2633 959 2696 magnam
973 2631 1079 2672 comm

81 2698 291 2765 multitudinem
308 2701 413 2765 venire
430 2702 545 2787 populo
558 2702 701 2767 Romano
718 2703 927 2787 periculosum
944 2701 1078 2776 videbat,

76 2814 162 2877 neque
180 2794 240 2859 sibi
256 2795 400 2859 homines
418 2794 501 2861 seros
515 2818 552 2860 ao
566 2794 713 2861 barbaros
732 2807 955 2881 temperaturos
974 2796 1079 2859 existi-

72 2886 176 2965 mabat,
194 2888 281 2972 quin,
301 2910 372 2953 cum
390 2912 514 2953 omnem
534 2888 670 2954 Galliam
689 2890 936 2974 occupavissent,
956 2899 990 2951 ut
1007 2898 1078 2952 ante

69 2980 182 3047 Cimbri
201 2981 398 3065 Teutonique
416 2982 573 3059 fecissent,
592 2983 624 3046 in
641 2983 832 3068 provinciam
850 2982 968 3046 exirent
986 2991 1078 3064 atque

64 3076 133 3141 inde
150 3076 183 3140 in
200 3075 326 3140 Italiam
344 3077 574 3153 contenderent,
592 3077 774 3162 praesertim
792 3099 864 3141 cum
878 3074 1042 3159 Sequanos
1060 3099 1080 3139 a

60 3168 221 3257 provincia
240 3180 346 3235 nostra
363 3169 535 3235 Rhodanus
554 3171 719 3247 diridcrot3
741 3170 856 3255 quibus
874 3169 967 3234 rebus
986 3191 1079 3252 quam

59 3265 239 3329 maturrIme
248 3265 472 3328 occurrendum
481 3265 620 3350 putabat.
639 3262 1002 3351 ipseautemAriovistus
1013 3274 1080 3327 tau-

59 3370 108 3424 tos
120 3357 183 3423 sibi
196 3357 334 3442 spiritus,
348 3369 466 3422 tantam
478 3359 685 3443 arrogantiam
696 3369 879 3444 sumpserat,
889 3368 923 3422 ut
933 3358 1079 3423 ferendus

57 3476 124 3519 non
136 3453 302 3517 videretur.
330 3453 532 3535 quamobrem
544 3453 661 3537 placuit
670 3454 707 3529 ci,
726 3464 762 3517 ut
774 3453 814 3517 ad
828 3452 1023 3517 Ariovistum
1036 3453 1080 3517 le-
1098 3471 1131 3519 34

57 3560 151 3635 gatos
160 3548 304 3623 mitteret,
323 3548 377 3630 qni
385 3546 425 3612 ab
435 3570 472 3611 eo
485 3547 685 3633 postularent,
699 3547 743 3611 uti
757 3547 892 3631 aliquem
901 3547 1002 3611 locum
1015 3569 1080 3610 mo-

58 3642 148 3707 dium
162 3642 323 3725 utriusque
337 3642 490 3725 colloquio
503 3642 632 3706 diceret:
651 3641 730 3717 velle
743 3663 813 3705 sese
827 3641 866 3705 de
879 3640 1037 3725 republica
1050 3650 1081 3703 et

58 3734 193 3801 summis
212 3734 372 3817 utriusque
390 3734 484 3800 rebus
503 3757 573 3799 cnm
592 3757 629 3799 eo
647 3755 749 3819 agere.
785 3734 814 3798 ei
832 3733 977 3819 legationi
987 3732 1080 3795 Ario-

58 3829 162 3894 sistus
178 3829 355 3914 respondit:
383 3829 503 3912 siquid
524 3829 584 3914 ipsi
602 3853 621 3893 a
639 3827 775 3893 Caesare
793 3850 872 3912 opus
891 3835 987 3902 esset,
1011 3847 1080 3890 sese

59 3923 192 3989 adeum
210 3933 376 3987 venturum
394 3922 507 4000 suisse;
526 3923 643 4006 siquid
661 3922 712 3986 ille
731 3945 764 3986 sc
782 3921 866 3997 velit,
885 3920 971 3983 illum
989 3919 1029 3983 acl
1047 3941 1080 3984 sc

60 4018 167 4083 venire
184 4027 336 4102 oportere.
380 4028 540 4102 praeterea
558 4039 592 4081 se
610 4039 710 4100 ncque
732 4016 798 4080 sine
821 4014 957 4079 cxercitu
978 4013 1010 4077 in
1028 4035 1080 4078 cas

60 4122 166 4197 partes
193 4108 317 4176 Galliae
348 4111 453 4175 venire
483 4110 609 4187 audere,
641 4133 719 4193 quas
751 4108 869 4174 Caesar
899 4108 1080 4193 possideret,

60 4226 163 4289 neque
179 4204 352 4271 exercitum
374 4205 442 4271 sino
459 4228 573 4290 magno
596 4217 769 4269 commeatu
792 4213 885 4285 atque
903 4202 1080 4267 molimento

59 4299 95 4363 in
123 4322 223 4364 unum
252 4299 357 4364 locum
387 4299 566 4364 contrahere
596 4321 699 4385 posse.
743 4297 803 4362 sibi
837 4314 940 4361 autem
970 4297 1081 4361 mnam

60 4393 169 4473 videri,
188 4394 264 4477 qmd
285 4394 319 4457 in
337 4416 396 4458 sua
413 4390 531 4470 Gallia,
555 4416 649 4478 quam
667 4393 748 4459 bello
765 4393 906 4469 sicisset,
929 4402 983 4457 aut
1001 4389 1082 4456 Cae-

58 4488 123 4553 sari
158 4499 214 4552 aut
248 4487 374 4553 omnino
408 4487 524 4572 populo
554 4488 698 4552 Romano
732 4487 849 4573 negotii
885 4498 977 4551 esset.
1033 4485 1081 4548 his
1100 4506 1131 4552 aa

58 4584 220 4670 responsis
252 4582 293 4647 ad
320 4582 489 4649 Caesarem
519 4583 623 4649 relatis
653 4583 764 4646 iterum
795 4581 836 4646 ad
866 4602 938 4645 eum
965 4579 1083 4643 Cacsar

103 4684 171 4728 neta
184 4684 275 4727 casas.
895 4680 912 4731 2
