2692 5206
445 814 562 871 COMM.
582 817 604 870 I.
624 818 740 873 19-92.
1060 807 1098 871 ll

69 939 325 1006 adulescentiam
343 949 463 1024 posset,
487 962 542 1024 per
559 963 593 1005 se
612 941 776 1019 crevisset3
802 940 915 1024 quibus
934 942 1045 1027 opibus
1064 965 1101 1007 ac

71 1036 185 1099 nervis
204 1057 268 1099 non
290 1035 391 1099 solum
409 1035 450 1099 ad
470 1035 670 1099 minuendam
692 1036 838 1122 gratiam,
862 1036 918 1101 sed
939 1059 1038 1121 paene
1060 1038 1100 1101 ad

71 1129 251 1215 perniciem
274 1151 363 1192 suam
385 1139 532 1193 uteretur.
577 1152 646 1194 sese
670 1141 774 1194 tamen
792 1140 822 1195 et
839 1153 943 1195 amore
964 1132 1101 1197 fraterno

74 1236 109 1287 et
127 1222 361 1287 existimatione
378 1222 467 1307 tulgi
484 1223 680 1287 commoveri.
711 1223 795 1306 quod
814 1224 933 1307 siquid
950 1226 979 1288 ci
992 1224 1101 1289 aCac-

75 1338 152 1382 sare
177 1316 306 1402 gnavius
332 1317 511 1392 accidisset,
538 1339 609 1380 cum
632 1318 699 1401 ips'e
722 1341 794 1381 curn
820 1318 923 1382 locum
948 1319 1100 1384 amicitiae

78 1410 168 1495 apud
186 1432 259 1474 eum
277 1419 409 1487 teneret,
433 1410 589 1474 neminem
607 1412 869 1487 existimaturum,
892 1434 953 1476 non
972 1436 1030 1477 sua
1046 1435 1101 1478 vo-

77 1504 201 1568 luntate
219 1503 350 1581 sactum;
368 1526 432 1587 qua
445 1526 485 1568 cx
498 1526 530 1567 rc
545 1504 694 1581 futurum,
710 1506 754 1569 uti
769 1505 863 1569 totius
874 1503 994 1570 Galliae
1007 1507 1101 1570 arrimi

79 1621 100 1661 a
119 1619 155 1662 se
172 1606 393 1662 averterentur.
429 1597 507 1662 haec
524 1620 596 1661 curn
613 1597 754 1683 pluribus
773 1599 875 1663 verbis
892 1599 971 1663 flens
989 1623 1009 1663 a
1022 1599 1102 1664 Cae·
1119 1683 1121 1688 ,

80 1714 153 1757 sare
169 1701 303 1777 peteret,
322 1690 441 1756 Caeam
459 1691 525 1755 cius
543 1692 684 1755 dextram
701 1693 837 1777 prendit;
860 1692 1036 1758 consolatus
1053 1716 1103 1757 ro-

80 1796 153 1870 gat,
173 1784 268 1849 finem
287 1785 396 1849 orandi
414 1784 521 1863 saciat3
547 1786 626 1849 tanti
643 1786 709 1851 cius
729 1786 813 1871 apud
831 1809 865 1852 sc
882 1786 1015 1871 gratiam
1033 1808 1102 1851 esse

81 1878 227 1955 ostendit,
242 1877 285 1941 uti
304 1889 335 1942 et
351 1877 540 1963 reipublicae
558 1879 702 1943 iniuriam
720 1891 751 1943 et
769 1903 861 1944 suum
879 1881 1018 1944 dolorem
1035 1879 1102 1943 cius

82 1970 234 2035 voluntati
252 1992 290 2035 ac
306 1970 452 2055 precibus
466 1971 629 2036 condonet.
655 1972 885 2058 Dumnorigem
899 1973 940 2037 ad
954 1984 1101 2049 sevocat,

81 2065 211 2129 fratrem
232 2064 372 2142 adhibet3
399 2087 480 2148 quae
501 2067 534 2130 in
551 2088 588 2131 co
605 2067 995 2156 reprehendantostendit,
1021 2090 1101 2152 quac

81 2158 150 2243 ipse
166 2157 336 2245 intellegat,
354 2181 435 2242 quae
453 2159 562 2225 civitas
580 2173 733 2244 queratur,
752 2162 909 2246 proponit3
935 2172 1049 2238 monet,
1068 2172 1103 2225 ut

80 2254 112 2317 iu
130 2252 286 2335 reliquum
303 2263 426 2338 tempus
445 2277 552 2319 omnes
570 2255 763 2340 suspiciones
776 2256 866 2333 ritct;
884 2254 1049 2341 praeterita
1068 2278 1101 2319 se

80 2346 241 2411 Divitiaco
259 2346 346 2411 fratri
363 2347 537 2413 condonare
555 2349 638 2413 dicit.
673 2348 862 2434 Dumnorigi
883 2349 1028 2414 custodes
1046 2370 1102 2433 po·

80 2441 137 2517 nit,
156 2452 202 2517 ut,
220 2461 301 2524 quae
318 2452 402 2527 agat,
420 2441 606 2525 quibuscum
623 2442 776 2527 loquatur,
796 2444 875 2507 scire
893 2443 1002 2527 possit.

140 2532 265 2599 Eodem
282 2534 332 2598 dic
351 2534 391 2599 ab
409 2535 654 2620 exploratoribus
673 2538 783 2601 certior
800 2537 901 2601 sactus
919 2537 1025 2601 hostes
1043 2535 1102 2599 sub
1121 2557 1149 2601 ‘21

79 2640 187 2693 monte
208 2628 388 2693 consedisse
413 2630 499 2693 milia
523 2653 675 2715 passuum
700 2630 740 2695 ab
767 2631 865 2715 ipsius
892 2630 1001 2695 castris
1023 2642 1101 2706 octo,

80 2723 184 2807 ‹quabs
203 2732 286 2787 esset
304 2733 414 2787 natura
430 2725 543 2789 montis
562 2735 592 2788 et
615 2725 714 2806 qualis
737 2725 769 2787 in
792 2725 921 2788 circuitu
943 2745 1102 2797 ascensus,

78 2818 136 2901 qui
152 2827 385 2903 cognoscerent,
399 2818 492 2881 misit.
522 2818 730 2882 renuntiatum
744 2828 801 2894 cst,
816 2817 939 2881 litt-ilem
954 2838 1032 2880 csse.
1065 2817 1103 2879 dc

80 2910 171 2975 tertia
189 2912 297 2997 vigilia
306 2910 413 2975 Titum
426 2911 613 2987 Labienum,
632 2911 769 2996 legatum
788 2933 844 2994 pro
861 2918 1012 2995 praetore,
1031 2930 1101 2971 cum

78 3003 205 3071 duabus
226 3004 403 3091 legionibus
426 3016 457 3069 et
483 3005 521 3069 iis
548 3004 693 3081 ducibus,
721 3005 773 3088 qui
800 3004 858 3068 iter
883 3014 1100 3087 cognoverant,

79 3122 240 3166 summum
266 3100 375 3185 iugum
402 3100 515 3163 montis
542 3100 710 3164 ascendere
732 3098 831 3174 iubet3
857 3097 933 3181 quid
956 3096 1005 3161 sui
1031 3119 1103 3160 con-

79 3195 144 3259 silii
169 3194 224 3271 sit,
250 3194 394 3259 ostendit.
437 3195 505 3279 ipse
528 3194 567 3258 dc
589 3207 698 3278 quarta
719 3194 826 3279 vigilia
849 3193 958 3258 eodem
983 3191 1100 3267 itinere,

79 3312 145 3372 quo
170 3288 280 3354 hostes
305 3288 418 3365 ierant,
445 3289 486 3353 ad
511 3310 565 3353 eos
593 3289 750 3353 contendit
776 3288 1008 3371 equitatumque
1036 3308 1101 3351 om-

79 3406 154 3449 nem
171 3394 244 3448 ante
262 3405 297 3447 se
318 3383 420 3447 mittit.
464 3382 502 3446 P.
522 3382 705 3460 Considius,
724 3382 777 3465 qui
794 3383 839 3446 rei
860 3382 1000 3445 militaris
1022 3381 1102 3466 peri·

79 3478 222 3543 tissimus
252 3477 427 3542 habebatur
452 3488 483 3541 et
512 3478 546 3540 in
571 3478 709 3542 exercitu
733 3478 775 3541 L.
800 3476 906 3542 Sullae
937 3486 969 3540 et
993 3485 1104 3560 postea

79 3574 115 3637 in
140 3572 189 3637 M.
217 3570 327 3637 Crassi
357 3572 472 3648 fuerat,
507 3594 579 3636 curn
610 3571 855 3657 exploratoribus
890 3570 1101 3655 praemittitur.

79 3667 184 3753 prima
208 3667 289 3743 lucc,
312 3688 384 3731 curn
406 3689 547 3731 summus
568 3690 658 3731 mons
680 3690 700 3730 a
717 3666 755 3730 T.
773 3666 916 3729 Labieno
939 3674 1102 3736 teneretur,
1122 3690 1152 3727 ·.·.

80 3763 151 3847 ipse
172 3760 214 3826 ab
235 3760 373 3825 hostium
396 3762 503 3826 castris
531 3785 593 3826 non
619 3761 742 3846 longius
768 3760 851 3824 mille
874 3770 905 3823 et
927 3757 1103 3842 quingentis

80 3855 230 3943 passibus
252 3855 391 3932 abesset,
414 3878 528 3940 neque,
551 3867 585 3920 ut
607 3870 716 3941 postca
734 3878 772 3919 ex
791 3855 921 3939 captivis
944 3851 1101 3936 comperit,

81 3962 138 4015 aut
154 3951 254 4035 ipsius
272 3950 425 4015 adventus
443 3960 497 4014 aut
512 3950 648 4014 Labieni
666 3950 808 4035 cognitus
827 3960 918 4022 esset,
935 3945 1103 4011 Considius

81 4066 164 4127 equo
190 4044 328 4109 admisso
355 4044 395 4107 ad
421 4066 493 4108 cum
519 4045 664 4121 accurrit,
691 4044 767 4107 dicit
793 4053 942 4118 montem,
971 4063 1104 4123 querna

82 4138 227 4204 Labieno
253 4139 399 4224 occupari
425 4138 570 4217 volucrit,
598 4139 638 4204 ab
660 4139 802 4203 hostibus
829 4137 943 4201 teneri:
974 4136 1007 4200 id
1029 4158 1105 4200 sca

81 4232 215 4301 Gallicis
234 4235 328 4300 amris
347 4245 439 4318 atquc
458 4235 634 4321 insignibus
653 4234 848 4319 cognovisse.
894 4232 1013 4296 Cacsar
1030 4255 1103 4296 suas

80 4331 191 4415 copias
209 4331 241 4394 in
258 4331 437 4416 proximum
456 4329 568 4394 collem
586 4329 740 4404 subducit,
755 4328 854 4393 aciem
871 4326 1003 4391 instruit.
1039 4328 1104 4389 La-

81 4424 209 4499 bienus,
237 4436 271 4489 ut
297 4436 363 4488 crat
388 4425 418 4488 ei
443 4435 643 4509 praeceptum
670 4448 689 4488 a
712 4422 861 4498 Caesare,
887 4445 926 4486 nc
953 4422 1103 4506 proelium

79 4520 299 4595 corurnitterct,
314 4520 375 4584 nisi
391 4520 490 4605 ipsius
508 4521 615 4605 copiae
634 4541 730 4604 propo
747 4518 885 4581 hostium
903 4528 1004 4581 castra
1018 4516 1104 4579 visae

79 4625 204 4692 essent,
226 4624 261 4678 ut
279 4614 416 4699 undiquc
435 4638 497 4679 uno
515 4626 654 4700 ternpore
676 4614 708 4677 iu
725 4613 831 4679 hostes
854 4613 989 4697 impetus
1007 4611 1103 4686 lieret,
