2738 5272
170 816 232 882 292
472 829 586 884 BELLI
605 829 872 888 ALEXANDRlNI

169 976 249 1037 quae
267 952 307 1018 ab
322 953 389 1038 ipso
404 951 594 1029 tenebantur,
612 975 711 1036 aquae
725 975 870 1040 magnam
886 953 948 1016 rim
963 975 1001 1016 cx
1015 954 1093 1017 mari
1106 955 1188 1018 rotis

170 1071 206 1112 ae
224 1047 501 1113 machinationibus
519 1047 690 1133 exprimere
708 1048 879 1112 contendit:
898 1047 978 1111 hanc
996 1047 1072 1112 locis
1091 1071 1189 1134 supe-

169 1141 300 1207 rioribus
327 1142 457 1207 fundere
483 1140 515 1204 in
541 1152 659 1226 partem
688 1140 833 1206 Caesaris
859 1163 923 1204 non
952 1141 1187 1206 intermittebat.

169 1258 262 1320 quam
276 1234 316 1300 ob
330 1258 456 1300 causam
470 1234 579 1299 salsior
592 1235 685 1319 paulo
699 1245 821 1320 praeter
834 1235 1090 1298 consuetudinem
1103 1258 1189 1318 aqua

170 1328 348 1394 trahebatur
369 1351 408 1393 ex
429 1328 576 1413 proximis
599 1327 748 1394 aedificiis
771 1350 979 1413 magnamque
1006 1329 1188 1393 hominibus

168 1423 402 1488 admirationem
421 1422 598 1508 praebebat,
618 1445 710 1504 quam
729 1421 853 1485 obrem
872 1422 903 1485 id
921 1421 1100 1499 accidisset3
1128 1446 1187 1486 nce

169 1518 244 1582 satis
263 1517 396 1603 sibiipsi
410 1516 581 1592 credebant,
601 1538 673 1579 cum
687 1539 720 1580 se
734 1516 895 1580 inferiores
909 1516 1048 1580 eiusdem
1061 1518 1188 1601 generis

168 1633 205 1675 ac
224 1612 343 1696 saporis
361 1634 441 1695 aqua
458 1610 594 1674 dicerent
612 1611 666 1687 uti,
685 1623 777 1693 atque
796 1621 866 1675 autc
885 1621 1098 1685 consuessent,
1118 1611 1189 1673 vul-

168 1727 270 1789 goque
288 1705 367 1768 inter
384 1727 417 1768 se
435 1703 633 1767 conserebant
651 1717 682 1767 et
700 1703 909 1788 degustando,
934 1713 1083 1785 quantum
1107 1703 1190 1765 inter

169 1820 203 1861 se
225 1798 384 1863 differrent
404 1819 514 1880 aquae,
541 1797 780 1881 cognoscebant.
820 1819 916 1881 parvo
937 1819 1011 1860 uero
1038 1797 1189 1880 temporis

170 1893 270 1977 spatio
287 1892 364 1956 haec
381 1892 502 1976 propior
520 1891 584 1955 bibi
602 1892 726 1954 omnino
744 1914 807 1954 nou
825 1901 958 1975 poterat,
985 1891 1037 1954 illa
1059 1890 1190 1954 inferior

137 2008 149 2050 a
169 1986 341 2070 corruptior
358 1987 417 2047 iam
435 1985 605 2068 salsiorque
627 1985 846 2070 reperiebatur.
882 2006 944 2068 quo
962 1985 1045 2049 facto
1063 1984 1190 2048 dubita-

169 2079 251 2143 tione
269 2078 390 2142 sublata
407 2088 509 2142 tantus
527 2079 653 2142 incessit
672 2070 772 2155 timor,
791 2088 824 2142 ut
839 2079 877 2142 ad
892 2091 1062 2141 extremum
1078 2101 1188 2141 casum

167 2172 294 2256 periculi
313 2193 418 2235 omnes
432 2171 556 2235 deducti
568 2172 754 2247 viderentur,
773 2184 864 2255 atque
878 2172 928 2235 alii
943 2172 1053 2235 merari
1069 2170 1190 2235 Caesa-

168 2287 233 2328 rem
247 2265 391 2340 diecrent,
409 2265 538 2348 quinon
548 2287 643 2330 naves
657 2267 863 2330 conscendere
877 2265 1004 2341 iuberet,
1024 2265 1074 2328 alii
1088 2265 1190 2327 multo

167 2359 292 2441 grauius
311 2358 544 2423 extimescerent
564 2358 711 2445 [casum],
730 2361 812 2443 quod
828 2383 926 2442 neque
940 2359 1033 2422 celari
1045 2358 1190 2421 Alexan-

168 2451 247 2514 drini
267 2463 395 2536 possent
416 2453 447 2515 in
470 2455 647 2538 appara-uda
669 2454 759 2540 suga,
787 2477 856 2517 cum
880 2466 942 2517 tam
965 2476 1060 2537 parvo
1084 2453 1190 2536 spatio

168 2544 317 2608 distarent
338 2545 376 2609 ab
400 2547 489 2630 ipsis,
516 2569 616 2630 neque
642 2548 703 2610 illis
731 2547 961 2610 imminentibus
984 2558 1076 2629 atque
1103 2547 1190 2609 inse·

168 2639 332 2720 quentibus
361 2639 440 2703 ullus
463 2640 494 2703 in
521 2663 617 2704 naves
643 2654 785 2725 receptus
812 2641 945 2704 daretur.
990 2652 1053 2703 crat
1082 2651 1189 2702 autem

169 2753 282 2817 magna
304 2733 466 2797 multitudo
489 2734 712 2818 oppidanorum
737 2735 768 2797 in
795 2746 881 2817 parte
904 2734 1063 2807 Caesaris,
1092 2755 1189 2813 quarn

168 2825 329 2890 domiciliis
347 2827 485 2911 ipsorum
504 2851 566 2892 uon
583 2844 730 2902 moverat,
750 2829 834 2910 quod
848 2850 884 2890 ea
898 2850 931 2890 se
946 2827 1066 2889 fidelem
1082 2825 1188 2909 palam

169 2920 281 2983 nostris
300 2943 368 2984 esse
388 2921 553 2986 simulabat
576 2932 606 2985 ct
630 2921 798 2985 descivisse
820 2943 840 2983 a
862 2921 926 2984 suis
950 2919 1125 2982 videbatur:
1156 2937 1190 2981 ut

168 3013 194 3074 si
212 3013 287 3075 mihi
305 3013 490 3077 defendendi
509 3026 613 3078 essent
630 3013 832 3077 Alexandrini
852 3035 953 3095 neque
971 3013 1097 3076 fiallaces
1116 3035 1190 3074 csse

169 3126 268 3185 neque
291 3107 456 3181 temerarii,
484 3108 582 3170 multa
603 3109 700 3171 oratio
723 3107 837 3169 frustra
859 3106 1087 3180 absumeretur3
1114 3127 1189 3168 cum

169 3218 241 3258 vero
260 3220 321 3259 uno
344 3210 482 3282 tempore
504 3211 534 3262 et
556 3202 639 3264 natio
661 3222 766 3263 earum
786 3211 816 3261 et
838 3211 948 3262 natura
970 3210 1188 3283 cognoscatur,

169 3289 363 3370 aptissimum
383 3314 452 3355 esse
470 3293 529 3355 hoc
547 3316 646 3377 genus
665 3294 704 3356 ad
722 3293 925 3377 proditionem
940 3291 1080 3354 dubitare
1094 3314 1190 3355 nemo

134 3391 277 3462 spotcst.
324 3383 443 3448 Cacsar
465 3408 591 3449 suorum
614 3387 755 3449 timorem
778 3384 988 3449 consolatione
1011 3395 1041 3448 et
1068 3385 1189 3447 ratione

167 3473 333 3538 minuebat.
365 3500 436 3541 nam
455 3480 556 3563 puteis
574 3479 668 3544 fossis
687 3502 799 3562 uquam
817 3478 939 3541 dulcem
953 3477 1079 3561 reperiri
1092 3501 1190 3562 posse

168 3567 352 3633 affirmabat.
380 3573 484 3635 omnia
502 3573 582 3636 enim
598 3575 686 3637 litora
703 3572 882 3635 naturaliter
898 3594 997 3654 aquae
1015 3571 1114 3633 dulcis
1134 3594 1188 3633 ve·

170 3685 226 3724 nas
242 3661 364 3726 habere.
393 3667 516 3747 quodsi
531 3667 591 3731 alia
604 3677 687 3731 esset
700 3666 797 3729 litoris
807 3664 958 3750 Aegyptii
973 3676 1081 3727 natura
1094 3673 1188 3743 atque

167 3756 303 3819 omnium
321 3757 520 3840 reliquorum,
540 3771 652 3835 tamen,
671 3760 817 3842 quoniam
831 3781 915 3821 marc
928 3756 1024 3821 libere
1039 3766 1187 3830 tenerent,

168 3872 268 3933 neque
287 3850 392 3914 hostes
411 3851 542 3916 classem
562 3853 722 3928 haberent,
741 3851 897 3936 prohiberi
916 3872 985 3914 sese
1003 3871 1063 3912 non
1081 3869 1188 3930 posse,

167 3965 228 4024 quo
247 3944 348 4006 minus
367 3945 478 4008 cotidie
500 3945 632 4010 navibus
655 3968 768 4028 aquam
791 3955 929 4029 peterent
951 3943 1001 4006 uel
1024 3967 1042 4005 a
1060 3939 1188 4003 sinistra

168 4047 253 4119 parte
272 4060 290 4099 a
308 4036 493 4102 Paraetonio
512 4039 560 4102 vel
578 4062 597 4101 a
614 4041 723 4102 dextra
745 4038 784 4102 ab
806 4038 922 4114 insula3
945 4059 1025 4120 quae
1043 4035 1188 4097 diversae

167 4129 379 4213 navigationes
398 4153 566 4214 numquam
586 4155 647 4194 uno
666 4142 802 4216 tempore
821 4131 960 4194 adversis
979 4129 1078 4192 ventis
1096 4149 1189 4211 prae·

168 4221 371 4287 eluderentur.
399 4225 492 4310 fugae
510 4248 583 4288 vero
601 4224 719 4288 nullum
739 4247 808 4288 esso
826 4224 989 4288 consilium
1008 4244 1069 4285 non
1084 4219 1188 4283 solum

167 4316 219 4389 iis,
247 4317 299 4398 qui
318 4318 449 4400 primam
467 4318 648 4403 dignitatern
666 4317 829 4395 haberent,
858 4318 913 4381 sed
935 4339 974 4380 ne
992 4317 1029 4379 iis
1048 4313 1186 4396 quidem,

167 4409 220 4490 qui
238 4409 313 4472 nihil
330 4423 544 4495 praeterquam
566 4413 605 4476 dc
627 4413 691 4475 rita
708 4412 888 4496 cogitarent.
924 4430 1039 4494 magno
1060 4404 1188 4488 negotio

168 4503 300 4586 impetus
322 4503 457 4568 hostium
480 4507 627 4570 adversos
650 4517 742 4569 etex
769 4504 990 4568 munitionibus
1019 4497 1186 4573 sustinere3

167 4596 280 4678 quibus
305 4597 419 4663 relictis
446 4620 503 4663 nee
528 4599 597 4663 loco
624 4621 680 4664 nec
710 4620 839 4663 numero
869 4619 959 4683 pares
985 4613 1054 4656 csse
1079 4612 1186 4675 posse.
