2692 5206
506 791 624 849 ΟΟΜΜ.
641 793 679 849 11.
696 793 781 848 4-8.
1085 781 1148 846 217

107 916 254 982 nrmlum
271 915 356 981 aliud
374 927 496 1000 tempus
513 916 553 980 ad
571 916 745 981 conandum
762 915 897 980 habituri
914 915 1099 994 riderentur,
1117 926 1149 981 et

112 1009 248 1093 quibus
265 1011 299 1075 in
315 1032 424 1096 pugna
439 1009 521 1074 vitae
541 1010 713 1095 periculum
735 1009 887 1074 accideret
907 1032 970 1075 non
990 1010 1035 1074 ita
1050 1010 1148 1075 multo

118 1124 180 1166 se
197 1103 375 1187 reliquorum
391 1102 508 1167 civium
524 1102 624 1168 fatum
641 1104 824 1168 antecedere
837 1102 1063 1181 existimarent3
1080 1104 1149 1186 qui-

120 1192 204 1261 bus
216 1198 287 1263 urbs
305 1208 397 1283 capta
414 1197 522 1262 eadem
540 1210 623 1262 esset
640 1198 712 1263 belli
730 1199 854 1263 fortuna
870 1199 1024 1283 patienda.
1059 1198 1150 1263 didu-

127 1290 255 1375 ctisque
270 1292 385 1356 nostris
403 1290 551 1378 paulatim
568 1291 700 1356 navibus
718 1302 749 1356 et
766 1291 894 1356 artificio
907 1291 1150 1377 gubernatorum

132 1392 181 1445 et
200 1385 351 1450 mobilitati
370 1384 498 1449 navium
517 1384 605 1449 loeus
632 1384 776 1462 dabatur,
802 1394 833 1449 et
856 1385 882 1450 si
907 1387 1032 1469 quamdo
1053 1385 1149 1450 nostri

137 1472 313 1544 faedaam
332 1478 414 1543 nacti
431 1477 539 1542 ferreis
562 1478 705 1543 manibus
728 1478 849 1543 iniectis
871 1501 983 1543 navem
1000 1478 1151 1565 religave-

143 1582 220 1648 rant,
234 1571 368 1655 undique
386 1571 451 1636 suis
468 1569 679 1636 laborantibus
698 1570 926 1636 succurrebant.
957 1592 1058 1655 neque
1076 1592 1150 1635 vero

150 1663 291 1728 comuneti
312 1663 435 1728 Albieis
457 1664 630 1728 comminus
651 1664 819 1749 pugnando
841 1663 1025 1728 deficiebant
1049 1685 1150 1747 neque

154 1755 267 1821 multum
283 1755 437 1822 cedebant
452 1757 565 1821 virtute
582 1758 706 1822 nostris.
742 1757 835 1821 simul
852 1780 891 1822 ex
908 1757 1078 1822 minoribus
1095 1780 1151 1821 na·

157 1844 231 1914 vibus
246 1873 359 1937 magna
378 1851 427 1915 vis
448 1851 569 1915 eminus
591 1851 688 1915 missa
709 1851 839 1915 telorum
860 1851 959 1916 multa
979 1851 1093 1915 nostris
1110 1851 1149 1915 de

162 1933 301 2024 improviso
321 1943 568 2028 imprudentibus
591 1954 684 2027 atque
706 1944 862 2028 impeditis
884 1944 1013 2009 vulnera
1037 1943 1150 2009 infere-

163 2025 227 2100 bant
251 2037 505 2122 conspicataeque
519 2059 615 2101 naves
629 2038 768 2102 triremes
782 2037 862 2102 duae
875 2059 987 2102 navem
995 2036 1039 2103 D.
1048 2035 1149 2114 Bruti,

166 2142 222 2205 quae
236 2151 272 2194 ex
287 2129 403 2216 insigni
420 2130 511 2194 facile
528 2130 657 2215 agnosci
674 2141 804 2215 poterat,
822 2130 943 2196 duabus
957 2153 997 2195 ex
1010 2128 1149 2215 partibus

167 2222 255 2287 asin
270 2245 340 2289 eam
360 2224 573 2289 incitaverant.
617 2224 672 2289 sed
694 2233 814 2288 tantum
835 2247 869 2289 re
890 2224 1015 2310 provisa
1031 2223 1149 2289 Brutus

167 2310 288 2382 elstrae
304 2317 395 2383 navis
413 2319 518 2382 enisus
536 2330 593 2395 est,
610 2327 646 2382 ut
663 2340 759 2403 parvo
775 2328 932 2383 momento
945 2318 1148 2383 antecederet.

165 2399 214 2470 llac
226 2410 299 2476 adeo
317 2411 453 2497 graviter
468 2411 548 2475 inter
565 2433 599 2476 se
616 2412 760 2475 incitatae
778 2411 990 2488 conflixerunt,
1011 2421 1044 2475 ut
1056 2410 1151 2476 vehe-

165 2503 326 2570 mentissime
350 2514 481 2588 utraque
503 2526 542 2570 ex
568 2527 721 2570 concursu
743 2504 931 2583 laborarent,
958 2506 1055 2570 altera
1075 2526 1150 2570 vero

164 2596 306 2674 moneto
328 2610 428 2664 rostro
449 2609 513 2663 tota
534 2599 749 2664 collabefieret.
793 2621 856 2682 qua
880 2621 913 2662 re
935 2599 1152 2663 animadversa

163 2704 219 2767 quse
233 2692 390 2776 proximae
408 2693 437 2757 ei
453 2692 522 2758 loeo
540 2716 579 2757 ex
596 2693 686 2756 Bruti
704 2692 804 2757 classe
822 2715 918 2756 naves
940 2701 1027 2756 erant
1048 2692 1079 2754 in
1097 2714 1150 2756 eas

162 2775 297 2866 madias
314 2785 465 2871 impetum
483 2786 601 2850 faciunt
618 2786 817 2869 celeriterque
839 2784 947 2850 ambas
965 2784 1149 2869 deprimunt.

162 2874 390 2943 tchasidianae
403 2901 500 2944 naves
512 2879 597 2944 nullo
609 2880 680 2943 usui
694 2879 819 2943 fuerunt
833 2877 1031 2960 celeriterque
1045 2899 1151 2962 pugna
1169 2899 1183 2946 7

160 2983 347 3036 ueasenmt:
365 2995 427 3037 non
444 2972 527 3037 enim
543 2973 600 3038 has
618 2984 672 3036 ant
686 2982 870 3057 conspectus
883 2971 1001 3056 patriae
1014 2979 1068 3035 aut
1080 2991 1152 3055 pro-

110 3072 114 3085 ‘
158 3058 320 3147 plnqnorum
337 3077 504 3151 praecepta
524 3067 564 3131 ad
582 3076 754 3131 extremum
776 3066 857 3130 vitae
878 3064 1049 3150 perieulum
1066 3064 1151 3129 adire

158 3156 297 3241 tegebant.
341 3159 445 3242 itaque
463 3182 503 3224 cx
521 3182 559 3224 eo
581 3181 709 3224 numero
726 3158 852 3223 navium
875 3157 961 3221 nulla
977 3157 1151 3223 desiderata

158 3259 204 3313 cst:
217 3272 254 3315 ex
260 3250 508 3318 Massiliensium
522 3253 622 3318 classe
630 3252 662 3318 V
675 3262 747 3318 sunt
760 3253 935 3338 depressae,
949 3250 1019 3314 1111
1031 3260 1149 3337 captae,

158 3345 462 3412 macumNasidianis
472 3347 623 3433 profugit3
641 3370 721 3430 quae
734 3369 841 3412 omnes
853 3346 1025 3411 citeriorem
1034 3347 1152 3432 Hispa-

158 3433 222 3502 niam
235 3440 418 3524 petiverunt.
455 3452 487 3506 at
504 3463 544 3506 ex
560 3441 686 3525 reliquis
704 3464 768 3506 una
787 3440 960 3525 praemissa
975 3439 1152 3504 Massiliam

160 3522 230 3596 buius
240 3534 338 3599 nuntii
352 3535 528 3620 perferendi
536 3535 636 3620 gratia
645 3557 717 3599 eum
731 3535 793 3598 iarn
802 3533 1061 3618 appropinquaret
1070 3532 1149 3607 urbi,

161 3624 238 3690 tuuis
254 3647 323 3691 sese
340 3627 506 3692 multitudo
524 3628 647 3705 effudit,
670 3636 701 3692 et
721 3649 755 3692 re
777 3628 903 3713 cognita
923 3636 1027 3690 tantus
1049 3626 1151 3690 luctus

163 3718 270 3802 excepit,
292 3730 329 3783 ut
348 3718 424 3784 urbs
447 3720 487 3785 ab
508 3720 650 3786 hostibus
673 3731 764 3805 capta
785 3721 895 3785 eodem
917 3719 1049 3804 vestigio
1067 3719 1153 3782 vide-

164 3813 231 3874 nter.
270 3810 487 3878 Massilienses
509 3824 614 3879 tamen
635 3814 732 3878 nihilo
755 3813 857 3879 secius
880 3812 921 3878 ad
940 3811 1152 3877 defensionem

165 3894 226 3965 ubis
239 3904 358 3989 reliqua
373 3928 524 3991 apparare
542 3919 720 3994 coeperunt

208 3990 260 4063 Est
274 3999 526 4065 animadversum
544 4001 584 4066 ab
601 4001 788 4087 legionariis,
807 4001 861 4085 qui
878 4001 1018 4066 dextram
1032 4008 1151 4084 partem
1169 4019 1185 4066 8

167 4087 242 4164 ‘defit
264 4093 533 4172 administrabant,
565 4117 605 4160 ex
631 4094 746 4160 crebris
776 4094 914 4160 hostium
940 4092 1152 4179 eruptionibus

167 4192 252 4265 ”legno
266 4185 327 4252 sibi
343 4210 415 4254 esse
432 4189 588 4274 praesidio
605 4212 708 4274 posse,
727 4190 755 4254 si
772 4189 816 4254 ibi
833 4212 890 4274 pro
908 4188 1033 4254 castello
1051 4210 1088 4254 ac
1105 4210 1153 4253 re·

168 4281 295 4356 waceio
306 4283 417 4348 turrim
429 4306 469 4348 cx
481 4284 576 4348 latere
590 4283 648 4349 sub
662 4307 750 4349 muro
763 4284 919 4349 fecissent.
946 4283 1152 4369 quamprimo

168 4360 369 4457 ¹tlrepentinos
387 4376 530 4442 incursus
548 4377 697 4442 humilem
713 4399 903 4462 parvamque
916 4375 1064 4442 fecerunt.
1090 4376 1152 4441 buc

169 4470 194 4518 ’θ
205 4464 376 4548 referebas
399 4470 485 4549 hinc,
506 4472 533 4536 si
550 4495 613 4555 qua
630 4472 728 4537 maior
745 4481 943 4556 oppresserat
959 4471 1020 4549 vis,
1038 4492 1152 4556 propu-

169 4552 289 4641 mbma
314 4564 387 4631 hinc
409 4565 450 4630 ad
470 4565 681 4652 repellendum
707 4576 739 4631 et
760 4565 1009 4650 prosequendum
1029 4564 1151 4630 hostem
