2738 5272
189 765 250 830 194
536 775 589 830 DE
607 773 734 830 BELLO
752 771 870 830 CIVlLl

187 900 382 987 permittitur.
410 899 477 963 eius
492 899 621 984 imperio
635 898 770 963 classem
788 916 1023 980 quoqueversus
1041 895 1223 974 dimittunt3

187 995 344 1060 onerarias
366 1015 477 1070 naves,
506 1016 585 1078 quas
603 991 720 1076 ubique
742 1004 887 1077 possunt,
915 991 1155 1077 deprehendunt
1174 1005 1224 1057 at-

186 1111 248 1173 que
265 1089 299 1152 in
315 1097 439 1173 portum
457 1087 629 1163 deducunt,
651 1109 762 1170 parum
785 1085 882 1150 clavis
900 1095 953 1148 aut
974 1085 1104 1149 materia
1122 1095 1222 1169 atque

187 1181 386 1246 armamentis
405 1181 563 1244 instructis
583 1181 623 1244 ad
640 1180 775 1263 reliquas
789 1179 954 1244 armandas
968 1178 1220 1263 reficiendasque

112 1279 114 1284 ’
185 1287 328 1340 utuntur:
352 1274 499 1339 frumenti
517 1275 602 1358 quod
620 1275 782 1338 inventum
805 1274 902 1338 estin
924 1273 1085 1359 publicum
1103 1275 1219 1339 confe-

185 1381 271 1447 runt3
289 1368 424 1452 reliquas
443 1391 561 1433 merces
580 1378 836 1450 commeatusque
854 1368 894 1432 ad
907 1368 1102 1432 obsidionem
1115 1369 1218 1446 urbis,

187 1465 213 1528 si
232 1464 361 1540 accidat,
379 1472 548 1527 reservant.
584 1461 698 1545 quibus
717 1461 836 1525 iniuriis
855 1474 1014 1546 permotus
1033 1462 1157 1527 Caesar
1174 1464 1220 1528 le-

186 1559 296 1644 giones
315 1569 377 1622 tres
395 1556 572 1621 Massiliam
591 1556 731 1633 adducit3
750 1566 849 1619 turres
869 1556 1038 1640 vineasque
1056 1558 1097 1621 ad
1114 1580 1219 1644 oppu-

186 1653 366 1738 gnationem
384 1651 470 1715 urbis
489 1673 592 1737 agere,
611 1673 707 1714 naves
726 1649 836 1734 longas
854 1648 983 1714 Arelate
997 1673 1128 1716 numero
1143 1652 1219 1719 ΧΠ

185 1746 289 1811 facere
307 1745 448 1809 instituit.
484 1745 598 1828 quibus
617 1744 736 1809 effectis
755 1744 944 1827 armatisque
962 1745 1072 1809 diebus
1091 1745 1217 1824 XXX,

186 1864 206 1904 a
227 1863 290 1924 qua
311 1840 361 1903 die
379 1839 509 1902 materia
530 1861 623 1903 caesa
645 1848 706 1914 cst,
734 1838 939 1920 adductisque
961 1838 1141 1903 Massiliam
1165 1840 1218 1905 his

186 1934 229 1998 D.
248 1934 382 1997 Brutum
399 1934 547 2018 praeficit,
568 1933 605 1998 C.
625 1932 817 1997 Trebonium
835 1933 974 2019 legatum
991 1935 1032 1998 ad
1049 1957 1219 2021 oppugna-

186 2029 302 2092 tionem
320 2027 483 2092 Massiliae
499 2027 654 2109 relinquit.

136 2141 167 2189 at
250 2121 340 2185 Dum
357 2121 435 2185 haec
452 2132 542 2205 parat
564 2130 657 2203 atque
681 2120 889 2198 administrat,
914 2121 952 2186 C.
970 2120 1104 2187 Fabium
1127 2122 1220 2210 lega·

185 2224 252 2279 tum
270 2236 341 2278 cum
360 2214 535 2299 legionibus
554 2213 616 2290 III,
636 2236 714 2297 quas
728 2213 876 2278 Narbone
895 2216 1073 2300 circumque
1088 2238 1126 2281 ea
1144 2218 1219 2283 loca

188 2306 360 2394 [hiemandi
386 2305 495 2392 causa]
524 2308 736 2393 disposuerat,
767 2308 799 2371 in
826 2308 1014 2393 Hispaniam
1044 2312 1219 2394 praemittit

187 2402 387 2484 celeriterque
407 2402 504 2465 saltus
522 2401 702 2486 Pyrenaeos
722 2403 868 2486 occupari
886 2402 986 2481 iubet,
1006 2405 1059 2487 qui
1079 2427 1117 2469 eo
1135 2416 1218 2470 tem-

186 2518 260 2580 pore
279 2495 319 2560 ab
336 2497 378 2559 L.
396 2495 529 2559 Afranio
547 2495 651 2581 legato
669 2496 832 2580 praesidiis
851 2496 1043 2561 tenebantur.
1075 2498 1217 2582 reliquas

185 2590 335 2676 legiones,
354 2612 434 2673 quae
448 2590 572 2675 longius
587 2589 777 2665 hiemabant,
797 2589 945 2673 subsequi
959 2591 1053 2656 iubet.
1080 2592 1216 2671 Fabius,

185 2701 220 2748 ut
238 2695 303 2749 erat
320 2685 515 2768 imperatum,
535 2684 673 2747 adhibita
690 2683 846 2748 celeritate
863 2685 1054 2768 praesidium
1072 2707 1113 2749 ex
1130 2687 1218 2751 saltu

186 2780 298 2843 deiecit
323 2780 509 2863 magnisque
535 2777 696 2842 itineribus
724 2778 765 2841 ad
791 2779 961 2841 exercitum
987 2778 1113 2842 Afranii
1140 2802 1218 2844 con-

136 2875 293 2942 attendit.
331 2874 467 2937 adventu
485 2874 525 2937 L.
545 2871 677 2937 Vibullii
694 2872 782 2949 Rufi,
805 2894 898 2954 quem
921 2896 940 2936 a
961 2872 1115 2957 Pompeio
1137 2875 1218 2939 mis·

186 2991 256 3031 sum
270 2969 302 3030 in
316 2966 504 3052 Hispaniam
519 2967 764 3030 demonstratum
778 2977 834 3042 est,
853 2965 1005 3030 Afranius
1023 2979 1054 3030 et
1068 2965 1217 3032 Petreius

186 3072 217 3124 ct
234 3060 348 3135 Varro,
376 3060 472 3145 legati
489 3059 646 3144 Pompeii,
675 3081 808 3141 quorum
826 3083 906 3123 unus
925 3060 1115 3144 Hispaniam
1138 3061 1218 3124 cite-

184 3153 297 3217 riorem
316 3153 414 3217 tribus
433 3153 618 3238 legionibus,
638 3152 716 3216 alter
733 3153 910 3218 ulteriorem
929 3178 948 3218 a
967 3154 1047 3217 saltu
1063 3152 1218 3219 Castulo·

185 3247 274 3310 ncusi
288 3246 328 3309 atl
336 3244 442 3311 Anam
452 3247 574 3311 duabus
588 3246 773 3331 legionibus,
788 3249 897 3311 tertius
907 3247 946 3312 ab
957 3248 1031 3312 Ana
1039 3247 1217 3312 Vettonum

185 3364 296 3426 agrum
318 3341 578 3423 Lusitaniamque
604 3340 673 3425 pari
699 3363 829 3405 numero
855 3342 1014 3427 legionum
1041 3341 1215 3419 obtinebat,

185 3433 290 3498 officia
310 3434 390 3498 inter
413 3457 446 3498 se
468 3434 655 3519 partiuntur,
682 3434 728 3496 uti
746 3433 888 3499 Petreius
912 3459 952 3498 ex
968 3435 1139 3500 Lusitania
1156 3458 1216 3520 per

184 3526 336 3592 Vettones
361 3550 433 3591 eum
455 3528 599 3593 omnibus
619 3528 717 3612 copiis
740 3528 780 3591 ad
797 3527 967 3592 Afranium
984 3528 1214 3613 proficiscatur,

185 3621 286 3686 Varro
300 3645 371 3687 cum
384 3622 432 3700 iis,
452 3644 529 3705 quas
544 3622 688 3698 habebat,
706 3622 882 3707 legionibus
896 3646 1020 3687 omnem
1034 3623 1216 3688 ulteriorem

184 3715 373 3801 Hispaniam
388 3726 519 3780 tucatur.
542 3717 590 3780 his
604 3715 698 3779 rebus
713 3717 888 3780 constitutis
903 3717 1022 3799 equites
1033 3717 1215 3800 auxiliaque

186 3812 242 3875 toti
255 3811 439 3875 Lusitaniae
458 3833 477 3873 a
494 3810 629 3886 Petrei0,
650 3809 847 3886 Celtiberiae,
868 3810 1035 3874 Cantabris
1054 3811 1215 3876 barbaris-

185 3928 246 3988 que
265 3905 419 3983 omnibus,
438 3905 493 3988 qui
511 3905 551 3968 ad
570 3902 735 3969 Oceanum
752 3906 920 3988 pertinent,
941 3905 980 3970 ab
999 3904 1135 3969 Afranio
1153 3906 1214 3969 irn-

184 4012 340 4083 pcrantur.
381 3998 495 4082 quibus
518 3999 633 4062 coactis
657 3997 797 4061 celeriter
817 3997 961 4063 Petreius
983 4021 1040 4084 per
1057 3998 1213 4064 Vettones

185 4092 225 4155 ad
248 4091 415 4156 Afranium
437 4093 592 4177 pervenit,
621 4092 872 4174 constituuntque
901 4093 1057 4157 communi
1080 4094 1214 4158 consilio

185 4182 301 4247 bellum
320 4186 361 4248 ad
378 4186 514 4249 Ilerdam
531 4195 658 4270 propter
675 4185 774 4269 ipsius
797 4185 857 4250 loci
876 4187 1140 4272 opportunitatem
1156 4211 1215 4272 ge·

135 4297 166 4344 39
184 4301 261 4341 rere.
299 4292 394 4356 erant,
413 4291 448 4344 ut
467 4303 563 4365 supra
581 4282 826 4345 demonstratum
845 4292 905 4358 est,
925 4282 1065 4368 legiones
1083 4279 1214 4345 Afranii

184 4370 246 4446 111,
265 4370 380 4435 Petreii
398 4373 488 4450 duae,
506 4384 666 4459 praeterea
678 4385 817 4439 scutatae
837 4373 1000 4460 [citerioris
1014 4374 1212 4461 provinciae]

185 4476 216 4528 ct
234 4476 368 4529 cetratae
387 4465 555 4551 [ulterioris
568 4466 757 4552 Hispaniae]
777 4468 919 4533 cohortes
934 4470 1054 4533 circiter
1066 4468 1215 4534 LXXX

186 4558 386 4642 equitumque
403 4558 578 4645 [utriusque
591 4559 786 4646 provinciae]
801 4562 960 4628 circiterV
971 4562 1065 4628 milia.
1090 4559 1216 4629 Cacsar
