2692 5206
427 843 546 902 COMM.
563 846 600 903 V.
618 846 740 902 26-31.
1052 834 1094 899 83

67 968 263 1048 testimonio,
286 968 372 1053 quod
392 968 528 1054 primum
550 967 687 1033 hostium
709 969 860 1055 impetum
882 969 987 1036 multis
1009 970 1091 1036 ultro

67 1063 253 1130 vulneribus
273 1061 368 1127 illatis
394 1061 563 1127 fortissime
590 1063 807 1127 sustinuerint:
834 1086 868 1128 re
890 1063 1092 1130 frumentaria

66 1182 133 1225 uon
149 1158 265 1245 premi,
290 1158 409 1221 interea
426 1166 457 1221 et
474 1179 514 1222 ex
534 1158 684 1242 proximis
706 1156 843 1222 hibernis
866 1166 897 1222 et
918 1181 937 1222 a
955 1157 1092 1225 Caesare

69 1261 265 1319 conventura
286 1248 440 1316 subsidia:
467 1261 625 1335 postremo
648 1250 723 1335 quid
746 1272 816 1315 esse
838 1249 939 1317 levius
957 1262 1011 1318 aut
1028 1264 1093 1319 tur·

69 1347 157 1433 pins,
180 1367 278 1431 quam
295 1356 420 1409 anctore
437 1343 527 1409 hoste
545 1345 585 1409 de
603 1344 734 1410 summis
751 1343 845 1409 rebus
864 1366 975 1431 capere
992 1348 1093 1413 eonsi-

69 1440 168 1505 lium?
203 1450 312 1505 eontra
333 1462 371 1504 ea
387 1438 527 1504 Titurius
550 1461 619 1504 sero
642 1438 779 1504 facturos
803 1438 993 1519 clamitabat,
1021 1464 1093 1507 eum
1111 1464 1143 1511 aa

68 1534 206 1600 maiores
223 1533 362 1599 hostium
379 1556 490 1598 manus
509 1533 661 1598 adiunctis
681 1531 847 1599 Germanis
866 1535 1094 1613 convenissent,

69 1638 217 1693 autenm
234 1626 353 1712 aliquid
369 1627 552 1692 calamitatis
569 1628 602 1692 in
620 1627 769 1712 proximis
788 1626 925 1693 hibernis
943 1638 1027 1694 esset
1044 1652 1096 1694 ae·
1177 1654 1179 1659 ·

69 1732 209 1807 ceptum.
244 1721 372 1786 brevem
391 1721 572 1786 consulendi
590 1743 661 1786 esse
678 1721 883 1786 occasionem.
925 1720 1096 1788 Caesarem

69 1815 216 1881 arbitrari
232 1815 407 1900 profectum
420 1815 452 1879 in
465 1815 600 1890 Italiam;
617 1837 718 1899 neque
732 1815 821 1880 aliter
834 1814 988 1881 Carnutes
1002 1817 1096 1881 inter-

68 1909 202 1974 ficiundi
218 1908 361 1995 Tasgetii
377 1908 541 1973 eonsilium
558 1908 657 1973 fuisse
675 1919 834 1995 capturos,
853 1931 954 1993 neque
972 1909 1096 1976 Eburo-

70 2025 146 2080 nes,
173 2002 203 2068 si
223 2002 275 2067 ille
297 2003 435 2079 adesset,
463 2013 548 2068 tanta
570 2003 798 2089 contemptione
816 2005 913 2069 nostri
932 2004 973 2068 ad
995 2013 1097 2069 eastra

70 2108 221 2161 venturos
239 2118 319 2161 csse.
363 2119 426 2161 non
443 2096 565 2160 hostem
583 2106 753 2175 auctorem,
778 2097 833 2162 sed
850 2120 917 2162 rem
939 2109 1094 2183 spectare:

70 2189 207 2255 subesse
223 2188 385 2267 Rhenum3
411 2212 526 2276 magno
548 2212 618 2255 csse
641 2186 806 2255 Germanis
828 2192 927 2256 dolori
943 2191 1096 2256 Ariovisti

69 2294 206 2349 mortem
224 2293 256 2348 et
273 2284 447 2369 superiores
465 2294 587 2349 nostras
601 2284 760 2362 victorias3
779 2286 886 2351 ardere
901 2284 1037 2351 Galliam
1051 2294 1096 2349 tot

70 2376 270 2443 contumeliis
296 2378 431 2463 acceptis
459 2377 517 2443 sub
543 2378 650 2463 populi
676 2378 810 2443 Romani
836 2380 1001 2465 imperium
1026 2378 1097 2444 red-

70 2482 191 2546 actam,
215 2471 373 2556 superiore
391 2470 490 2557 gloria
506 2471 551 2536 rei
573 2472 714 2537 militaris
733 2473 893 2537 exstineto.
936 2484 1094 2558 postremo

71 2566 144 2649 quis
165 2564 227 2628 hoo
250 2565 310 2629 sibi
330 2566 544 2649 persuaderet,
573 2566 640 2630 sine
662 2576 746 2630 certa
767 2588 800 2631 re
821 2565 1038 2652 Ambiorigem
1056 2568 1096 2631 ad

70 2658 228 2723 eiusmodi
259 2659 423 2723 consilium
455 2659 673 2725 descendisse?
717 2681 806 2724 suam
845 2660 1030 2724 sententiam
1064 2659 1097 2722 in

70 2763 378 2837 utramquepartem
401 2763 604 2819 essetutam:
632 2753 660 2816 si
681 2752 725 2816 nil
754 2764 837 2817 esset
862 2753 984 2829 durius,
1011 2752 1096 2816 nullo

70 2846 214 2933 periculo
240 2847 282 2911 ad
306 2847 480 2933 proximam
505 2847 662 2933 legionem
692 2857 908 2932 perventuros3
940 2847 966 2911 si
993 2843 1098 2910 Gallia

71 2940 175 3005 omnis
195 2961 267 3004 eum
286 2937 452 3006 Germanis
471 2941 671 3017 consentiret,
693 2962 786 3003 unam
803 2962 873 3004 esse
890 2939 924 3003 in
941 2938 1097 3004 eeleritate

71 3034 209 3119 positam
230 3033 372 3098 salutem.
419 3033 531 3099 Cottae
552 3034 680 3116 quidem
702 3045 794 3116 atquc
813 3055 934 3110 eorum,
962 3032 1015 3115 qui
1033 3031 1097 3095 dis-

72 3128 239 3205 sentirent,
262 3128 425 3193 censilium
448 3150 542 3212 quem
559 3128 675 3193 habere
693 3128 830 3192 exitum?
854 3128 886 3191 in
909 3149 972 3211 quo
990 3128 1018 3192 si
1034 3150 1097 3190 non

71 3242 223 3307 praesens
244 3223 431 3308 perieulum,
459 3232 491 3287 at
514 3232 596 3287 certe
618 3222 789 3308 longinqua
810 3220 974 3287 obsidione
996 3221 1096 3285 sames

71 3330 157 3380 esset
179 3316 436 3401 pertimescenda.
481 3316 541 3381 hac
563 3317 595 3380 in
622 3326 784 3400 utramque
809 3326 929 3401 partem
956 3316 1097 3400 disputa-
1115 3336 1140 3381 s·

71 3410 155 3474 tione
174 3408 297 3487 habita,
317 3434 389 3476 curn
406 3436 426 3477 a
444 3410 540 3476 Cotta
556 3411 726 3497 primisque
744 3410 903 3476 ordinibus
922 3411 1032 3476 aeriter
1048 3433 1098 3475 re·

72 3504 238 3569 sisteretur
260 3504 411 3582 ‘vincite,'
432 3506 548 3589 inquit,
577 3505 619 3569 ‘si
635 3505 680 3569 ita
697 3505 815 3582 vultis,’
840 3504 992 3581 Sabinus,
1016 3515 1047 3568 et
1064 3504 1097 3567 id

72 3597 204 3663 clariore
221 3618 309 3676 voce,
328 3608 363 3663 ut
380 3622 494 3685 magna
513 3622 586 3684 pars
600 3599 733 3663 militum
747 3599 920 3662 exaudiret:
941 3604 1056 3680 ‘neque
1069 3597 1096 3660 is

72 3691 166 3768 sum,'
184 3690 295 3774 inquit,
315 3692 384 3775 ‘qui
400 3693 585 3779 gravissime
604 3716 644 3757 ex
660 3691 750 3757 vobis
764 3692 871 3756 mortis
886 3691 1023 3777 periculo
1037 3700 1097 3753 ter-

71 3806 154 3849 rear:
172 3784 208 3848 hi
226 3785 361 3870 sapient;
380 3786 408 3849 si
424 3788 552 3872 gravius
570 3787 645 3869 quid
659 3785 814 3861 acciderit,
833 3784 890 3850 abs
904 3795 935 3848 te
947 3783 1098 3848 rationem

72 3888 255 3964 reposcent3
273 3880 341 3962 qui,
360 3881 460 3966 siper
477 3892 507 3946 te
524 3881 629 3959 liceat,
648 3881 818 3967 perendino
835 3880 885 3945 die
904 3903 975 3945 curn
992 3878 1098 3965 proxi-

74 3974 133 4038 mis
145 3972 286 4040 hibernis
301 3976 457 4039 coniuncti
470 3998 666 4040 communem
676 3998 748 4040 cum
762 3975 889 4059 reliquis
902 3974 976 4040 belli
989 3996 1097 4038 casum

75 4067 264 4145 sustineant,
292 4089 350 4132 nec
375 4068 481 4133 reiecti
508 4078 539 4133 et
565 4069 693 4155 relegati
720 4068 813 4155 longe
840 4068 879 4133 ab
906 4068 1017 4133 ceteris
1044 4079 1098 4131 aut

75 4160 157 4225 sen-o
174 4172 231 4225 aut
247 4161 332 4226 fame
349 4162 520 4227 intereant!
565 4165 762 4251 consurgitur
784 4187 824 4227 ex
846 4163 989 4241 consili03
1013 4185 1097 4227 com-
1115 4182 1143 4228 31

76 4254 271 4339 prehendunt
288 4266 453 4340 utrumque
471 4268 502 4322 et
520 4267 617 4335 orant,
635 4280 675 4323 ne
694 4282 751 4323 sua
768 4257 962 4322 dissensione
981 4267 1012 4321 et
1027 4279 1097 4342 per-

78 4348 190 4415 tinacia
204 4372 272 4415 rem
288 4351 323 4415 in
341 4374 498 4416 summum
511 4352 683 4437 perieulum
697 4352 865 4417 deducant:
884 4350 1009 4416 facilem
1027 4373 1097 4415 esse

79 4464 150 4522 rem,
169 4466 227 4509 seu
244 4455 399 4524 maneant,
419 4469 475 4510 seu
493 4447 741 4532 proficiscantur,
761 4446 787 4510 si
805 4445 898 4511 modo
916 4467 1013 4509 unum
1031 4468 1097 4510 om-

79 4558 131 4601 ncs
148 4539 285 4604 sentiant
306 4563 344 4604 ac
360 4540 509 4625 probent3
536 4550 644 4605 contra
659 4541 692 4604 in
714 4540 909 4604 dissensione
926 4539 1043 4603 nullam
1062 4561 1096 4601 se

82 4630 208 4698 salutem
224 4634 411 4720 perspicere.
455 4657 506 4700 res
528 4634 738 4720 disputatione
759 4633 800 4699 ad
817 4634 952 4699 mediam
973 4642 1097 4698 noctem

892 4734 927 4787 6.
