2692 5206
393 785 745 846 00001100-10
1015 777 1075 846 161

53 910 108 976 vix
124 910 260 976 iudicari
276 919 398 997 posset,
421 920 524 976 utrum
542 913 688 978 secundis
705 912 902 998 minimisque
919 914 1013 982 rebus
1029 915 1077 982 in·

56 1005 256 1082 scientiores,
283 1027 325 1069 an
346 1004 477 1069 adverso
498 1006 646 1071 mediocri
668 1028 744 1071 casu
770 1008 940 1074 timidiores
961 1022 1076 1076 essent

57 1098 271 1184 compluribus
297 1097 408 1163 diebus
434 1099 546 1164 iisdem
572 1099 605 1163 in
631 1101 740 1165 castris
767 1103 974 1188 consumptis,
1005 1126 1077 1169 cum
1095 1123 1128 1173 14

57 1193 184 1277 propius
202 1192 374 1257 accessisse
390 1192 529 1278 legiones
547 1204 579 1257 et
597 1191 712 1258 Gaium
731 1194 924 1261 Trebonium
938 1196 1077 1283 legatum

61 1295 262 1371 cognossent,
289 1285 385 1350 duces
402 1285 641 1351 Bellovacorum
659 1287 749 1351 veriti
771 1287 904 1353 similem
922 1289 1078 1356 obsessio-

63 1401 131 1443 nem
155 1377 287 1443 Alesiae
312 1389 407 1444 noctu
432 1379 592 1444 dimittunt
618 1402 686 1457 eos,
713 1403 792 1464 quos
818 1394 872 1445 aut
898 1392 999 1448 aetate
1023 1394 1078 1449 aut

66 1470 178 1537 uiribus
198 1472 360 1537 inferiores
382 1483 436 1538 aut
456 1472 591 1538 inermes
612 1473 783 1552 habebant,
810 1496 934 1559 unaque
959 1475 1079 1561 reliqua

70 1565 289 1652 impedimenta
325 1589 458 1651 quorum
474 1568 687 1653 perturbatum
705 1579 736 1634 et
753 1569 919 1634 confusum
935 1570 1011 1635 dum
1024 1594 1079 1636 ex-

73 1659 175 1744 plicant
199 1684 314 1748 agmen
340 1660 473 1748 (magna
498 1662 581 1727 enim
606 1663 773 1728 multitudo
800 1685 958 1729 carrorum
983 1665 1078 1730 etiam

10 1820 12 1843 ἱ
79 1755 220 1838 expeditos
246 1755 337 1839 sequi
359 1753 468 1822 Gallos
495 1757 685 1840 consuevit),
712 1757 852 1842 oppressi
877 1758 947 1823 luce
972 1759 1078 1844 copias

10 1850 13 1885 ³
82 1860 247 1913 amatorum
271 1871 330 1934 pro
351 1849 417 1914 suis
438 1851 594 1914 instruunt
620 1850 743 1928 castris,
770 1873 810 1915 ne
834 1851 922 1936 prius
942 1851 1078 1918 Romani

17 1982 20 1987 -
85 1943 204 2026 persequi
220 1964 255 2007 se
272 1943 456 2028 inciperent,
483 1966 577 2028 quam
595 1943 718 2030 longius
740 1965 854 2030 agmen
875 1945 1078 2031 impedimen-

88 2042 166 2099 torum
180 2058 306 2100 suorum
326 2037 540 2121 processisset
584 2048 616 2103 at
634 2035 753 2102 Caesar
774 2059 874 2121 neque
896 2038 1077 2104 resistentes

91 2129 289 2213 aggrediundos
315 2140 401 2196 tanto
423 2131 510 2196 collis
532 2153 665 2196 ascensu
690 2131 861 2209 iudicabat,
888 2153 990 2216 neque
1014 2155 1078 2198 non

92 2238 164 2303 usque
181 2245 217 2290 eo
237 2222 377 2310 legiones
399 2225 626 2303 admovendas,
651 2236 687 2288 ut
708 2226 867 2290 discedere
888 2248 929 2291 ex
950 2248 988 2291 eo
1008 2225 1078 2292 loco

94 2312 142 2380 siue
160 2317 291 2402 periculo
317 2316 441 2384 barbari
466 2318 616 2385 militibus
642 2318 829 2385 instantibus
854 2342 917 2384 non
938 2330 1077 2405 possent.

93 2403 134 2484 its,
152 2431 216 2475 eum
231 2411 346 2496 palude
367 2411 516 2497 impedita
538 2435 558 2478 a
579 2412 689 2476 castris
708 2423 810 2477 castra
831 2412 928 2478 dividi
948 2414 1077 2491 videret,

93 2518 150 2581 quac
162 2505 337 2570 uanseundi
354 2505 521 2572 difficultas
545 2505 733 2575 celeritatem
754 2506 939 2590 insequendi
956 2507 1078 2573 tardare

91 2606 181 2675 possd,
205 2608 298 2682 atque
324 2598 357 2662 id
379 2599 502 2685 iugum,
529 2599 613 2683 quod
635 2615 720 2663 trans
744 2599 891 2683 paludem
916 2622 1015 2685 paene
1036 2601 1078 2665 ad

91 2683 196 2757 bostium
213 2703 316 2757 castra
331 2694 512 2779 pertineret,
538 2693 686 2758 mediocri
704 2693 784 2757 valle
802 2716 822 2758 a
843 2694 951 2758 castris
970 2716 1078 2759 eorum

89 2777 237 2850 intercisum
254 2786 394 2851 animum
411 2787 597 2865 adverteret,
623 2785 772 2872 pontibus
789 2786 903 2871 palude
922 2796 1079 2852 constrata

89 2872 200 2962 legiones
221 2880 355 2946 traducit
376 2882 576 2966 celeriterque
598 2882 632 2946 in
653 2904 808 2945 summam
829 2881 994 2966 planiciem
1011 2881 1078 2967 iugi

85 2974 207 3053 pervenit,
226 2997 306 3058 quae
323 2976 436 3040 declivi
453 2976 579 3062 fastigio
596 2974 718 3040 duobus
736 2973 776 3038 ab
792 2974 941 3040 lateribus
958 2974 1079 3038 munic·

85 3059 161 3132 batur.
201 3068 247 3134 ibi
267 3069 443 3155 legionibus
465 3070 623 3134 instructis
646 3070 688 3134 ad
709 3068 852 3132 ultimum
877 3069 986 3154 iugum
1008 3090 1079 3154 per·

84 3160 147 3226 venit
165 3163 326 3247 aciemque
347 3185 385 3228 eo
406 3164 475 3229 loco
497 3163 669 3241 constituit,
696 3163 781 3227 unde
802 3173 953 3227 tormento
980 3162 1079 3228 missa

81 3252 128 3319 tela
148 3256 181 3320 in
205 3256 343 3322 hostium
369 3279 486 3322 cuneos
513 3257 611 3322 conici
637 3265 774 3343 possent
818 3255 942 3321 barbari
968 3256 1077 3322 confisi
1097 3279 1128 3326 15

77 3342 124 3412 loci
137 3360 256 3428 natura,
275 3372 347 3415 cum
364 3349 511 3416 dimicare
528 3373 590 3415 non
603 3358 791 3426 recusarent,
810 3349 837 3413 si
851 3348 930 3414 forte
943 3349 1078 3415 Romani

76 3441 163 3509 subire
179 3445 292 3510 collem
309 3456 507 3523 conarentur,
534 3444 684 3530 paulatim
706 3444 812 3528 copias
831 3443 1012 3510 distributas
1030 3444 1078 3508 di-

72 3535 178 3602 mittere
198 3560 262 3603 non
283 3551 425 3624 possent,
452 3561 492 3603 ne
514 3539 648 3624 dispersi
670 3538 934 3624 perturbarentur,
960 3538 993 3603 in
1011 3539 1078 3602 acic

70 3642 302 3712 permanserunt.
351 3655 483 3716 quorum
509 3632 678 3717 pertinacia
709 3632 833 3717 cognita
861 3630 980 3696 Caesar
1003 3630 1078 3695 XX

68 3724 236 3791 cohortibus
248 3726 407 3791 instructis
417 3726 588 3811 castrisque
603 3749 640 3791 co
653 3725 722 3790 loco
735 3725 857 3790 metatis
867 3724 980 3788 muniri
991 3722 1078 3788 iubet

66 3830 166 3885 usca
194 3819 348 3885 absolutis
361 3820 507 3906 operibus
521 3842 578 3905 pro
592 3820 673 3884 vallo
687 3819 825 3905 legiones
839 3819 1005 3882 instructas
1015 3817 1078 3881 col-

63 3909 146 3993 locat,
164 3913 287 3999 equites
301 3914 429 3980 frenatis
444 3914 532 3998 equis
546 3915 578 3978 in
593 3913 724 3979 statione
738 3913 884 3998 disponit.
906 3911 1076 3988 Bellovaci,

61 4028 129 4074 cum
149 4007 313 4074 Romanos
339 4009 380 4073 ad
405 4009 632 4092 insequendum
658 4016 783 4092 paratos
809 4006 950 4070 viderent
975 4026 1077 4089 neque

58 4112 238 4187 pernoctare
256 4111 311 4167 aut
327 4102 443 4191 diutius
461 4124 642 4188 permanere
656 4101 722 4166 sine
734 4099 871 4185 periculo
885 4100 995 4164 eodem
1007 4098 1077 4164 loco

55 4206 195 4281 possent,
214 4195 277 4261 tale
294 4197 460 4261 consilium
477 4196 527 4261 sui
543 4194 713 4281 recipiendi
726 4203 883 4278 ceperunt.
912 4193 1024 4272 fasces,
1042 4204 1077 4258 ut

55 4300 282 4355 consueverant
309 4287 459 4376 [namque
484 4290 518 4353 in
543 4290 611 4354 acie
636 4288 745 4354 sedere
769 4285 879 4353 Gallos
907 4308 1077 4352 consuesse

52 4383 271 4469 superioribus
293 4384 522 4449 commentariis
541 4382 688 4448 Caesaris
710 4381 900 4446 declaratum
916 4379 994 4466 est],
1020 4402 1077 4466 per

51 4498 166 4544 manus
184 4488 424 4545 stramentorum
442 4500 479 4544 ac
496 4477 709 4564 virgultorum,
729 4498 861 4559 quorum
877 4498 999 4540 summa
1011 4484 1077 4539 erat

48 4571 86 4639 in
100 4574 217 4640 eastris
239 4574 345 4661 copia,
371 4575 451 4641 inter
468 4596 503 4641 se
525 4573 654 4638 traditos
677 4581 749 4636 anto
766 4570 865 4636 aciem
886 4570 1076 4636 collocarunt

105 4672 178 4719 recu
187 4674 278 4720 Carme.
873 4671 905 4723 ll
