2692 5206
428 801 546 860 court.
563 804 612 861 vt.
630 806 747 861 11-13.
1036 794 1095 858 101

74 930 115 996 ab
128 927 277 994 Haeduis
294 927 335 991 ad
353 950 388 993 se
404 928 600 993 traducerent
617 928 804 1013 obsidesque
818 929 909 995 abiis
921 930 1097 1016 principum

72 1024 157 1089 lilios
175 1023 353 1107 acciperent
369 1031 401 1085 et
417 1021 542 1106 publice
559 1023 659 1087 iurare
678 1032 825 1108 cogerent
841 1023 918 1088 nihil
935 1046 970 1089 sc
988 1035 1096 1089 contra

74 1117 243 1202 Sequanos
262 1116 382 1181 consilii
398 1116 543 1194 initures;
562 1126 593 1181 et
605 1128 725 1202 partem
737 1117 860 1181 finitimi
872 1118 940 1203 agri
957 1139 1014 1203 per
1029 1118 1093 1182 vim

72 1220 261 1296 occupatam
282 1210 479 1294 possiderent
498 1207 680 1294 Galliaeque
703 1211 797 1275 totius
815 1209 1022 1295 principatum
1038 1211 1095 1276 ob-

72 1307 219 1371 tinerent
263 1325 325 1387 qua
341 1304 526 1369 necessitate
549 1304 701 1368 adductus
718 1303 895 1369 Divitiaeus
917 1305 1025 1369 auxilii
1041 1328 1096 1390 pe-

72 1399 162 1465 tendi
180 1420 277 1463 causa
293 1398 428 1462 Romam
450 1399 492 1462 ad
514 1410 656 1463 senatum
678 1398 837 1484 profectus
859 1398 1041 1483 imperfecta
1061 1422 1095 1464 re

71 1494 218 1559 redierat
267 1492 402 1556 adventu
430 1490 576 1556 Caesaris
602 1491 685 1556 faeta
715 1492 953 1556 commutatione
984 1515 1095 1571 rerum,

72 1585 240 1652 obsidibus
258 1584 401 1649 Haeduis
419 1584 562 1661 redditis,
589 1585 746 1650 veteribus
765 1586 914 1651 clientelis
935 1586 1095 1664 restitutis,
1157 1648 1160 1654 .

71 1680 164 1744 novis
182 1701 241 1764 per
254 1676 422 1743 Caesarem
441 1679 637 1762 comparatis,
655 1680 740 1762 quod
756 1679 799 1756 hi,
818 1680 871 1763 qui
885 1701 920 1744 se
936 1679 977 1743 ad
990 1701 1097 1744 eorum

72 1772 245 1838 amicitiam
270 1782 530 1857 aggregaverant,
561 1771 688 1837 meliore
714 1773 895 1838 condicione
925 1781 1019 1856 atque
1045 1795 1097 1836 ae-

72 1866 183 1950 quiore
197 1865 329 1949 imperio
345 1887 378 1929 se
392 1865 439 1928 uti
451 1864 608 1943 videbant,
626 1865 753 1949 reliquis
766 1865 860 1931 rebus
876 1888 983 1930 eorum
995 1866 1096 1951 gram

73 1960 290 2047 dignitateque
311 1958 500 2043 amplificata
518 1957 657 2042 Sequani
675 1960 882 2045 principatum
904 1959 1094 2025 dimiserant.

72 2054 104 2118 in
121 2076 233 2119 eorum
250 2053 353 2118 locum
366 2053 460 2118 Remi
478 2064 706 2117 successerant:
725 2076 804 2137 quos
818 2054 903 2138 quod
920 2054 1094 2137 adaequare

72 2148 157 2234 apud
176 2146 347 2213 Caesarem
364 2147 466 2233 gratia
481 2146 733 2233 intellegebatur,
760 2148 797 2224 ii,
823 2149 878 2231 qui
899 2157 1026 2233 propter
1041 2170 1095 2212 ve-

73 2255 155 2306 teres
171 2241 351 2305 inimicitias
373 2241 458 2305 nullo
476 2241 569 2305 modo
587 2263 659 2305 cum
676 2240 820 2306 Haeduis
843 2241 990 2327 coniungi
1007 2251 1095 2326 pote-

73 2344 152 2413 rant,
170 2355 208 2399 se
223 2333 334 2399 Remis
351 2334 385 2398 in
402 2334 577 2398 clientelam
594 2334 748 2399 dicabant
793 2335 850 2400 hos
869 2336 913 2399 illi
930 2334 1096 2421 diligenter

74 2427 254 2493 tuebantur:
272 2427 315 2492 ita
333 2437 363 2492 et
380 2450 494 2492 novam
511 2437 685 2513 strepente
703 2429 863 2494 collectam
880 2431 1095 2494 auctoritatem

74 2520 232 2587 tenebant.
264 2533 386 2586 cotum
404 2530 486 2586 statu
504 2544 553 2586 res
572 2533 646 2599 erat,
666 2532 700 2586 ut
716 2523 809 2608 longe
827 2524 982 2608 principes
1000 2522 1095 2587 habe-

75 2624 180 2680 rentur
198 2615 339 2692 Haedui,
368 2617 538 2680 secundum
560 2616 662 2680 locum
685 2616 844 2702 dignitatis
862 2617 955 2680 Remi
977 2616 1095 2681 obtine·

73 2720 149 2774 rent.
195 2709 229 2773 in
250 2710 336 2774 omni
354 2708 458 2775 Gallia
480 2733 587 2775 eorum
610 2710 785 2787 homiuum,
812 2711 866 2793 qui
892 2710 996 2792 aliquo
1023 2721 1095 2773 sunt
1116 2730 1146 2776 ra

74 2824 204 2868 numero
221 2814 315 2887 atque
331 2803 458 2880 honore,
476 2827 592 2890 genera
610 2814 682 2868 sunt
695 2804 771 2881 duo;
790 2827 863 2867 nam
876 2802 983 2887 plebes
997 2825 1095 2887 paene

77 2918 236 2962 servorum
252 2895 384 2962 babetur
400 2897 478 2975 loco,
498 2920 578 2982 quac
596 2897 672 2961 nihil
691 2898 785 2961 audet
801 2919 858 2981 per
875 2919 919 2972 se,
937 2896 1023 2960 nullo
1041 2897 1096 2961 ad-

76 2988 199 3055 hibetur
213 2989 353 3055 eousilio.
380 2990 529 3074 plerique,
548 3012 619 3055 eum
638 3000 691 3055 aut
709 3013 780 3055 aere
793 2991 893 3055 alieno
908 3001 962 3055 ant
975 2991 1095 3076 magni-

76 3085 180 3151 tudine
198 3083 383 3149 tributorum
400 3096 454 3149 aut
471 3086 583 3150 iniuria
594 3087 802 3171 potentiorum
815 3095 1006 3170 premuntur,
1025 3107 1094 3150 sese

76 3179 303 3245 mseraitutem
321 3179 426 3243 dicant
444 3179 614 3245 nobilibus:
637 3182 670 3245 in
692 3181 750 3245 hos
773 3181 882 3244 eadem
900 3180 1005 3245 omnia
1022 3190 1095 3244 sunt

76 3272 153 3351 iura,
171 3295 254 3357 quae
272 3273 406 3338 dominis
423 3274 457 3337 in
475 3296 591 3339 servos.
636 3276 692 3340 sed
710 3276 749 3340 de
766 3275 815 3340 his
834 3274 956 3339 duobus
974 3275 1095 3360 generi-

76 3364 131 3432 bus
161 3366 296 3432 alterum
322 3378 370 3432 est
395 3368 554 3446 druidum,
581 3369 712 3433 alterurn
738 3370 886 3452 equitum.
934 3368 979 3433 illi
1000 3368 1094 3434 rebus

77 3459 186 3525 divinis
203 3461 370 3538 intersunt,
398 3462 549 3526 sacrificia
570 3463 696 3547 publica
717 3485 754 3527 ae
775 3464 896 3548 privata
916 3472 1093 3547 procurant,

76 3553 240 3641 religiones
266 3555 519 3640 interpretantur:
546 3557 586 3620 ad
612 3579 665 3621 eos
689 3580 822 3643 magnus
849 3555 1094 3621 adulescentium

77 3669 220 3714 nnmems
244 3649 427 3734 disciplinae
448 3672 544 3715 eausa
565 3652 733 3728 concurrit,
760 3672 936 3737 magnoque
962 3650 995 3712 hi
1022 3660 1094 3712 sunt

77 3742 155 3827 apud
172 3764 229 3808 eos
246 3742 372 3808 bonore.
408 3767 480 3808 nam
499 3744 564 3808 fere
582 3744 621 3808 de
639 3744 783 3809 omnibus
801 3743 1018 3809 controversiis
1037 3765 1095 3826 pu-

76 3833 161 3902 blicis
179 3837 372 3923 privatisque
394 3839 600 3916 constituunt,
629 3849 673 3915 et,
701 3839 727 3903 si
750 3838 834 3921 quod
852 3848 900 3902 est
922 3837 1094 3901 admissum

78 3927 210 4008 facinus,
238 3931 266 3996 si
289 3931 401 3997 caedes
424 3932 522 4008 facta,
551 3933 578 3995 si
600 3933 640 3996 de
661 3932 845 4008 hereditate,
873 3932 900 3995 si
922 3932 960 3994 de
978 3928 1093 3994 finibus

79 4024 284 4090 connoversia
301 4035 358 4102 est,
375 4026 459 4091 idern
477 4027 655 4103 decernunt,
674 4027 812 4111 praemia
824 4046 1004 4111 poenasque
1021 4046 1095 4088 con-

79 4116 218 4198 stituunt3
246 4119 273 4182 si
295 4119 349 4203 qui
371 4129 424 4184 aut
446 4121 586 4205 privatus
605 4132 659 4184 aut
680 4120 815 4204 populus
839 4141 946 4183 eorum
969 4119 1093 4182 decreto

79 4232 133 4276 non
154 4213 255 4290 stetit,
283 4213 442 4278 sacrifieiis
464 4214 659 4278 interdicunt.
704 4214 781 4278 hacc
802 4235 904 4298 poena
930 4213 1013 4298 apud
1039 4235 1092 4278 eos

81 4316 122 4368 eat
144 4307 343 4393 gravimima.
386 4306 501 4392 quibus
526 4309 571 4372 ita
591 4318 640 4372 est
665 4308 876 4385 interdictum,
904 4307 936 4371 hi
962 4330 1092 4372 numero

79 4396 239 4485 impiorum
264 4422 304 4466 ac
329 4401 549 4467 sceleratorum
579 4401 746 4479 habentur,
782 4402 831 4466 his
863 4424 971 4467 omnes
1002 4402 1093 4466 deee-

80 4490 164 4571 dunt,
191 4494 312 4559 aditum
335 4517 572 4580 sermonemque
594 4497 771 4583 defugiunt,
799 4520 838 4562 ne
861 4497 936 4581 quid
958 4518 998 4561 ex
1019 4519 1092 4560 eon-

79 4587 196 4673 tagione
220 4589 412 4656 incommodi
437 4591 608 4677 accipiant,
639 4613 739 4675 neque
765 4590 815 4656 his
840 4588 1017 4677 petentibus
1043 4589 1092 4653 ius
