2692 5206
452 770 570 829 coust.
587 772 621 829 v.
639 774 757 830 12-16.
1075 764 1114 828 tt

90 897 219 965 tertium
236 908 286 963 est
298 906 406 963 eontra
420 897 655 982 septentriones,
674 898 725 962 oui
743 898 822 983 parti
835 896 921 963 nulla
933 908 981 963 est
995 899 1116 966 obiecta

90 1003 183 1071 terra,
202 991 261 1057 sed
278 990 345 1056 eius
359 990 493 1077 angulus
505 991 610 1057 lateris
624 991 759 1056 maxime
774 992 815 1057 ad
829 989 1030 1057 Germaniam
1045 1016 1116 1079 spe-

91 1096 166 1153 cut.
200 1084 263 1151 lroc
279 1084 366 1150 milia
380 1106 532 1170 passuum
549 1086 730 1172 octingenta
747 1085 780 1150 in
801 1086 1028 1172 longitudinem
1044 1110 1115 1153 esse

92 1180 298 1246 existimatur.
342 1179 387 1244 ita
407 1180 508 1245 omnis
530 1179 633 1245 insula
654 1190 703 1245 est
724 1180 757 1244 in
779 1180 908 1245 circuitu
929 1181 1025 1247 vicies
1044 1204 1116 1247 cen-

93 1285 162 1340 tum
179 1274 302 1339 milium
319 1295 479 1359 passuum.
520 1297 560 1337 cx
576 1274 625 1338 his
644 1274 789 1339 omnibus
807 1274 901 1360 longe
918 1285 991 1339 sunt
1007 1274 1117 1341 huma-
1136 1299 1168 1346 14

92 1368 233 1447 nissimi,
258 1369 314 1453 qui
332 1366 480 1433 Cantium
501 1368 653 1447 incolunt,
682 1392 762 1454 quae
785 1370 872 1456 regio
894 1379 943 1434 est
964 1371 1116 1437 maritima

93 1464 215 1542 omnis,
242 1484 344 1547 neque
365 1461 498 1527 multum
520 1486 540 1528 a
562 1460 685 1529 Gallica
709 1464 858 1528 differunt
884 1464 1116 1529 consuetudine.

93 1558 258 1623 interiores
274 1556 414 1643 plerique
431 1556 588 1623 frumenta
604 1581 668 1623 non
685 1568 801 1635 serunt,
820 1557 876 1622 sed
889 1557 969 1622 laete
982 1567 1013 1621 et
1026 1579 1118 1623 carne

93 1653 206 1717 vivrmt
227 1650 424 1736 pellibusque
445 1660 518 1715 sunt
538 1652 651 1716 vestiti.
696 1675 804 1717 ornnes
827 1674 901 1716 vero
924 1673 958 1716 se
975 1651 1118 1716 Britanni
1194 1649 1197 1654 ’

94 1747 177 1811 vitro
193 1744 347 1822 inliciunt,
366 1744 450 1828 quod
468 1745 643 1810 caeruleum
661 1744 758 1811 efficit
775 1745 924 1831 colorem,
947 1755 1040 1829 atque
1057 1745 1118 1810 hoc

94 1838 268 1905 horridiore
281 1838 399 1903 suntin
411 1860 519 1924 pugna
531 1849 674 1925 aspectu3
693 1838 866 1925 capilloque
880 1849 951 1903 sunt
962 1840 1118 1925 promisso

94 1944 191 2018 atque
213 1933 299 1998 omni
319 1942 406 2018 parte
428 1933 565 2018 corporis
587 1956 659 1999 rasa
679 1944 802 2018 praeter
822 1942 917 2019 caput
939 1942 970 1997 et
995 1932 1118 1998 labrum

95 2026 253 2113 superius.
295 2048 409 2091 uxores
431 2026 547 2092 habent
567 2027 640 2091 deni
662 2027 858 2111 duodenique
875 2026 956 2091 inter
978 2048 1013 2092 se
1032 2047 1117 2092 corn-

93 2142 210 2185 munes
231 2130 263 2186 et
282 2120 418 2185 maxime
433 2120 546 2187 fratros
563 2142 636 2185 cum
656 2120 803 2187 fratribus
819 2130 1027 2207 parentesque
1045 2142 1133 2185 cum·

94 2214 219 2292 liberis3
236 2213 293 2279 sed
310 2214 409 2299 siqui
426 2223 499 2279 sunt
516 2238 555 2279 cx
572 2214 621 2279 his
639 2214 713 2293 nati,
733 2238 840 2280 eorum
852 2213 1006 2279 habentur
1018 2213 1118 2291 liberi,

95 2330 161 2393 quo
176 2308 314 2395 primum
330 2308 420 2394 virgo
437 2330 580 2393 quaeque
597 2309 730 2374 deducta
748 2318 804 2375 est.

160 2400 296 2486 Equites
313 2401 451 2468 hostium
468 2403 679 2487 essedariique
691 2403 802 2468 acriter
813 2402 931 2489 proelio
945 2424 1017 2469 cunr
1031 2403 1118 2487 equi-
1137 2424 1168 2470 15

96 2506 167 2561 tatu
181 2504 291 2561 nostro
307 2495 341 2560 in
356 2495 465 2561 itinero
483 2496 700 2574 conflixerunt,
728 2507 833 2562 tamen
854 2510 889 2561 ut
905 2498 1002 2562 nostri
1020 2497 1119 2562 omni-

95 2586 159 2654 bus
175 2587 317 2676 partibus
336 2590 508 2676 superiores
527 2590 642 2655 suerint
659 2600 752 2674 atquc
771 2612 824 2655 eos
842 2592 874 2655 in
896 2591 991 2656 silvas
1010 2590 1120 2655 celles-

95 2704 160 2767 que
190 2682 409 2769 eompulerint;
444 2684 500 2748 sed
531 2683 741 2770 compluribus
772 2684 943 2749 interfectis
976 2684 1119 2769 cupidius

94 2776 233 2842 imecuti
253 2776 419 2842 nonnullos
441 2800 481 2842 cx
501 2778 566 2843 suis
589 2778 767 2843 amiserunt.
816 2788 848 2841 at
873 2777 919 2841 illi
943 2777 1119 2843 intermisso

96 2870 201 2957 spatio
218 2870 466 2957 imprudentibus
482 2872 595 2937 nostris
614 2882 707 2955 atquc
724 2872 884 2956 occupatis
902 2872 935 2935 in
948 2870 1119 2934 munitione

97 2976 274 3030 metromm
290 2963 393 3030 subito
416 2987 450 3030 se
472 2988 512 3030 ex
534 2965 621 3030 siliis
644 2966 800 3030 eiecerunt
817 2965 997 3050 impetuque
1014 2964 1047 3028 in
1066 2986 1120 3029 cos

97 3060 198 3137 facto,
225 3059 281 3144 qui
302 3069 389 3124 crant
408 3060 442 3124 in
463 3060 595 3126 statione
616 3083 673 3146 pro
695 3061 805 3125 eastris
828 3059 983 3137 collocati,
1011 3058 1121 3123 aeriter

96 3164 320 3241 pugnaverunt
336 3153 520 3239 duabusque
537 3155 642 3219 missis
660 3154 801 3220 subsidio
814 3152 993 3219 cohortibus
1006 3176 1026 3217 a
1039 3151 1121 3217 Cae-

97 3271 169 3314 sare
196 3258 290 3332 atque
314 3246 364 3313 his
386 3249 494 3334 primis
517 3249 675 3335 legionum
696 3249 841 3326 duarum,
870 3270 941 3313 cum
969 3247 1028 3311 hac
1050 3270 1121 3333 pcr-

97 3342 217 3429 exiguo
232 3342 410 3407 intermisso
430 3340 518 3428 [loci]
539 3343 638 3429 spatio
655 3343 735 3407 inter
752 3366 786 3407 se
800 3342 1020 3417 constitissent,
1039 3363 1121 3405 novo

97 3456 215 3523 genere
231 3456 357 3523 pugnae
378 3437 548 3521 perterritis
570 3437 683 3501 nostris
700 3459 756 3522 per
776 3436 896 3501 medios
914 3435 1121 3500 audacissimo

96 3539 306 3615 perruperunt
335 3551 432 3613 seque
461 3530 534 3594 inde
563 3529 736 3595 incolumes
766 3541 957 3614 receperunt.
1003 3552 1040 3593 eo
1070 3528 1121 3591 dio

99 3622 241 3705 Quintus
262 3622 419 3688 Laberius
440 3622 565 3701 Durus,
593 3623 735 3689 tribunus
757 3623 903 3701 militum,
930 3621 1121 3686 interficitur.

98 3716 145 3782 illi
160 3716 306 3803 pluribus
324 3717 490 3784 submissis
508 3718 687 3784 cohortibus
705 3718 903 3805 repelluntur.
931 3727 996 3783 toto
1013 3716 1073 3782 boc
1090 3716 1123 3779 in
1142 3737 1173 3783 16

98 3832 217 3899 genere
233 3833 369 3898 pugnae,
387 3834 459 3877 eum
477 3812 536 3878 sub
555 3812 653 3879 oculis
671 3813 810 3878 omnium
827 3836 864 3878 ac
880 3835 937 3899 pro
951 3810 1061 3876 castris
1076 3810 1123 3874 di-

100 3904 282 3984 micaretur,
308 3905 498 3971 intellectum
516 3917 564 3971 est
581 3916 704 3973 nostros
726 3917 851 3993 propter
872 3906 1057 3992 pueritatem
1075 3927 1124 3968 ar-

99 4018 238 4077 morum,
266 3998 351 4082 quod
370 4022 473 4084 neque
494 4000 617 4085 insequi
639 4001 784 4066 cedentes
810 4009 939 4086 possent
960 4019 1061 4081 neque
1083 3996 1122 4061 ab

100 4090 202 4177 signis
217 4091 378 4159 discedere
396 4094 559 4173 auderent,
583 4095 685 4160 minus
704 4105 794 4180 aptos
812 4117 882 4160 esse
901 4093 941 4157 ad
958 4092 1050 4157 huius
1068 4114 1124 4179 ge·

99 4186 184 4251 ueris
201 4184 341 4265 hostem,
367 4188 488 4272 equites
506 4199 611 4254 autem
628 4211 743 4275 magno
761 4210 833 4254 cum
850 4186 989 4273 periculo
1005 4185 1123 4271 proelio

100 4276 265 4358 dimicare,
291 4291 455 4367 propterea
480 4283 566 4366 quod
587 4282 632 4346 illi
654 4283 747 4347 ctiam
774 4281 915 4347 consulto
941 4280 1123 4365 plerumque

100 4372 247 4439 cederem
264 4384 310 4453 et,
337 4396 409 4440 eum
430 4375 559 4461 paulum
577 4375 616 4440 ab
634 4375 809 4462 legionibus
832 4384 955 4440 nostros
971 4374 1124 4439 removis-

100 4477 187 4545 sent,
209 4490 250 4534 ex
268 4469 389 4536 essedis
406 4470 566 4536 desilirent
583 4480 614 4536 ct
631 4470 763 4556 pedibus
782 4470 898 4557 dispari
915 4468 1033 4556 proeho
1051 4490 1125 4532 con·

101 4562 273 4631 tenderent.
318 4566 470 4651 equestris
493 4575 597 4633 autem
619 4566 728 4653 proelii
744 4566 823 4632 ratio
841 4577 872 4633 et
894 4563 1075 4633 cedentibus
1093 4573 1125 4628 et
