2738 5272
311 809 374 875 290
623 819 737 875 BELLI
756 819 1026 878 ALEXANDRIXI

280 971 289 1015 t
375 944 464 1009 Bello
487 944 699 1008 Alexandrino
727 945 859 1010 'conflato
888 943 1007 1010 Caesar
1033 943 1144 1009 Rhodo
1170 955 1265 1028 atque
1292 969 1332 1009 ex

312 1039 405 1124 Syria
424 1038 596 1122 Ciliciaque
617 1059 741 1103 omnem
763 1038 896 1104 classem
919 1038 1062 1114 arcessit3
1086 1036 1182 1102 Creta
1203 1038 1334 1123 sagitta·

310 1136 385 1212 rios,
413 1133 532 1218 equites
555 1131 595 1199 ab
616 1155 688 1219 rege
710 1132 939 1199 Nabataeorum
961 1132 1091 1198 Malcho
1117 1143 1239 1210 evocat3
1267 1143 1333 1197 tor-

310 1238 415 1293 menta
431 1228 568 1311 undique
581 1228 720 1311 conquiri
733 1239 764 1292 et
777 1228 967 1292 frumentum
980 1226 1070 1303 mitti,
1089 1227 1204 1291 auxilia
1217 1226 1333 1290 adduci

310 1321 404 1387 iubet.
432 1322 553 1386 interim
571 1321 756 1386 munitiones
770 1321 882 1386 cotidie
896 1321 1042 1407 operibus
1057 1330 1218 1406 augentur,
1237 1333 1333 1404 atque

310 1440 417 1482 omncs
445 1417 551 1501 oppidi
576 1428 693 1502 partes,
720 1438 800 1500 quae
826 1417 929 1481 minus
952 1437 1021 1481 esse
1047 1415 1154 1479 firmae
1177 1416 1331 1492 ridentur,

309 1511 519 1576 testudinibus
541 1532 578 1576 ac
597 1512 747 1577 musculis
770 1522 973 1596 temptantur3
1001 1535 1041 1576 ex
1059 1511 1207 1576 aedificiis
1226 1522 1331 1575 autem

309 1629 365 1690 per
390 1606 544 1670 foramina
569 1606 601 1669 in
630 1607 773 1690 proxima
803 1607 944 1671 aedificia
973 1606 1084 1670 arietes
1112 1606 1331 1676 immittuntur.

309 1709 521 1783 quantumque
539 1709 592 1763 aut
608 1701 704 1765 ruinis
723 1700 854 1765 deicitur
871 1712 924 1764 aut
941 1723 997 1785 per
1015 1701 1078 1764 vim
1095 1700 1241 1784 recipitur
1258 1699 1331 1777 loci,

309 1795 480 1858 intantum
496 1794 681 1860 munitiones
699 1795 906 1880 proferuntur.
933 1817 1005 1859 nam
1023 1795 1166 1860 incendio
1184 1794 1249 1859 sere
1263 1804 1333 1858 tuta

310 1901 358 1954 est
375 1888 579 1965 Alexandria,
606 1890 690 1973 quod
713 1890 779 1954 sine
802 1890 1030 1975 contignatione
1053 1911 1090 1953 ac
1111 1890 1240 1953 materia
1257 1901 1330 1954 sunt

309 1983 451 2048 aedilicia
472 1994 503 2047 et
525 1984 685 2048 structuris
708 2005 745 2048 sc
766 1984 937 2048 fornicibus
962 1984 1159 2047 continentur
1185 1993 1331 2066 tectaque

310 2086 382 2141 sunt
399 2077 509 2141 rudere
527 2086 579 2140 aut
595 2077 792 2162 pavimentis.
821 2076 940 2143 Caesar
957 2077 1093 2141 maxime
1111 2075 1264 2151 studebat,
1284 2089 1331 2152 ut,

309 2193 403 2254 quarn
426 2171 678 2256 angustissimam
700 2182 820 2256 partem
843 2172 949 2257 oppidi
971 2171 1061 2256 palus
1088 2195 1107 2235 a
1133 2171 1260 2235 meridie
1283 2171 1333 2234 in-

309 2264 436 2328 teriecta
453 2263 616 2341 efficiebat,
635 2265 715 2329 hanc
733 2265 879 2350 operibus
899 2266 1059 2349 vineisque
1077 2265 1205 2351 agendis
1224 2263 1264 2330 ab
1282 2287 1333 2328 re-

308 2356 394 2439 liqua
411 2368 496 2441 parte
515 2357 599 2423 urbis
617 2359 808 2434 excluderet,
832 2359 910 2424 illud
927 2371 1085 2444 spectans,
1112 2359 1261 2444 primum,
1284 2370 1331 2433 ut,

309 2473 380 2513 curn
397 2451 430 2513 in
447 2452 524 2515 duas
543 2465 645 2536 partes
664 2464 748 2518 esset
764 2454 850 2519 urbis
873 2454 974 2518 divisa
995 2455 1091 2530 acies,
1120 2477 1181 2517 uno
1200 2452 1332 2517 consilio

308 2556 401 2626 atque
415 2546 542 2630 imperio
556 2548 830 2624 administraretur,
850 2549 971 2624 deinde,
986 2559 1019 2611 ut
1033 2547 1243 2612 laborantibus
1259 2568 1333 2609 suc-

308 2640 388 2703 curri
411 2651 503 2723 atquc
526 2664 565 2704 ex
586 2641 682 2705 altera
704 2643 809 2727 oppidi
832 2654 918 2727 parte
942 2643 1091 2707 auxilium
1117 2642 1189 2705 ferri
1210 2651 1331 2725 posset,

308 2734 459 2818 imprimis
478 2758 560 2811 vere,
579 2747 613 2799 ut
626 2760 707 2818 aqua
719 2736 896 2822 pabuloque
911 2737 1091 2813 abundaret,
1110 2757 1240 2818 quarum
1255 2734 1334 2797 alte-

308 2829 372 2892 rius
391 2829 435 2892 rei
453 2831 575 2914 copiam
593 2831 753 2915 exiguam,
776 2832 902 2895 alterius
921 2831 1038 2895 nullam
1056 2830 1181 2895 omnino
1199 2827 1333 2891 faculta-

309 2934 370 2986 tem
389 2923 537 3001 habebat;
555 2926 639 3007 quod
657 2942 822 3009 utrumque
834 2925 921 3011 large
935 2925 1023 3009 palus
1038 2922 1185 3008 praebere
1199 2931 1333 3006 poterat.

276 3036 409 3099 unoque
435 3040 508 3082 vero
535 3019 755 3083 Alexandrinis
782 3020 814 3083 in
840 3020 984 3105 gerendis
1015 3018 1147 3103 negotiis
1175 3017 1334 3079 cunctatio

308 3110 372 3174 ulla
389 3123 442 3174 aut
461 3134 546 3175 mora
563 3113 763 3178 inferebatur.
791 3139 863 3178 nam
882 3115 912 3178 in
927 3137 1034 3178 omnes
1048 3124 1162 3197 partes,
1181 3134 1237 3195 per
1250 3132 1333 3192 quas

307 3202 385 3267 fines
404 3205 543 3290 Aegypti
565 3229 757 3291 regnumque
780 3209 925 3293 pertinet,
947 3206 1067 3292 legatos
1091 3204 1335 3288 conquisitores-

308 3318 369 3378 quc
387 3297 525 3362 delectus
543 3299 678 3364 habendi
697 3324 792 3366 causa
809 3302 969 3376 miserunt,
992 3319 1203 3384 magnumque
1222 3318 1335 3359 nume·

308 3413 376 3454 rum
395 3392 427 3454 in
445 3394 594 3478 oppidum
612 3396 743 3458 telorum
762 3405 854 3479 atque
877 3405 1100 3459 tormentorum
1123 3403 1334 3456 convexerant

309 3495 340 3548 et
357 3486 613 3552 innumerabilem
631 3488 859 3553 multitudinem
877 3490 1079 3552 adduxerant.
1107 3510 1165 3551 ncc
1183 3486 1287 3549 minus
1302 3485 1335 3547 in

206 3653 208 3659 Ι
309 3578 385 3644 urbc
403 3582 556 3646 maximae
575 3605 730 3647 armorum
749 3594 835 3647 erant
853 3583 1010 3647 institutae
1033 3582 1186 3646 officinae.
1223 3601 1331 3643 servos

309 3684 466 3757 praeterea
483 3677 616 3760 puberes
630 3687 838 3753 armaverant3
857 3677 970 3759 quibus
985 3676 1101 3741 domini
1114 3673 1331 3758 locupletiores

310 3768 424 3831 victum
448 3770 635 3833 cotidianum
659 3771 909 3855 stipendiumque
932 3769 1133 3855 praebebant.
1169 3768 1224 3829 hac
1247 3760 1332 3822 mul-

309 3861 439 3925 titudine
457 3863 608 3947 disposita
625 3864 813 3929 munitiones
837 3875 1025 3928 semotarum
1047 3862 1181 3948 partium
1199 3853 1332 3917 tueban-

309 3967 372 4034 tur;
395 3967 557 4022 veteranas
576 3958 718 4023 cohortes
736 3981 851 4024 vacuas
870 3960 902 4022 in
924 3955 1131 4023 celeberrimis
1148 3949 1234 4015 urbis
1252 3949 1332 4013 locis

308 4049 473 4128 habebant,
493 4062 540 4127 ut,
560 4074 755 4135 quacumque
773 4053 900 4138 regione
919 4062 1118 4139 pugnaretur,
1137 4044 1265 4129 integris
1285 4044 1334 4106 ri·

308 4145 394 4208 ribus
413 4148 453 4209 ad
470 4146 619 4211 auxilium
637 4148 799 4211 ferendum
817 4149 932 4232 opponi
946 4155 1085 4232 possent.
1112 4139 1256 4206 omnibus
1271 4138 1333 4200 viis

308 4248 400 4319 atque
418 4240 588 4326 angiportis
606 4241 758 4326 triplicem
776 4242 892 4306 vallum
911 4241 1105 4306 obduxerant
1128 4236 1208 4317 (erat
1225 4240 1332 4295 autern

309 4331 459 4411 quadrato
480 4345 656 4399 exstructus
680 4359 757 4400 saxo
778 4357 879 4419 neque
901 4337 1005 4398 minus
1024 4333 1091 4396 XL
1110 4329 1205 4414 pedes
1229 4325 1333 4388 altitu-

308 4422 389 4487 dinis
407 4423 569 4511 habebat),
588 4451 731 4513 quaeque
748 4440 852 4514 partes
872 4430 956 4494 urbis
975 4427 1136 4493 inferiores
1155 4430 1252 4489 erant,
1272 4415 1332 4478 has

309 4516 466 4584 altissimis
485 4523 619 4588 tunibus
637 4524 787 4588 denorum
806 4522 1014 4588 tabulatorum
1031 4519 1213 4585 munierant·
1240 4531 1334 4593 prae·

309 4619 392 4674 terea
413 4612 489 4676 alias
511 4615 730 4681 ambulatorius
754 4617 883 4680 totidem
904 4615 1111 4681 tabulatorum
1139 4603 1333 4668 confixerant
