2692 5206
499 783 619 840 could.
638 787 660 839 1.
681 785 763 839 1-4.
1080 774 1142 838 179

152 909 258 989 ennepti
274 908 519 996 exagitabantur.
555 909 712 973 Lentulus
736 909 920 974 sententiam
939 908 1054 975 Calidii
1071 933 1142 996 pro·

158 997 333 1069 nuntiaturum
361 1025 395 1068 se
428 1003 553 1068 omnino
584 1003 719 1089 negavit.
762 1001 932 1067 Marcellus
963 1004 1141 1088 perterritus

161 1092 271 1163 muricis
292 1122 311 1163 a
333 1121 392 1163 sna
414 1098 567 1162 sententia
588 1097 742 1161 discessit.
780 1097 824 1162 sic
846 1096 976 1161 vocibus
994 1097 1141 1176 consulis,

162 1194 244 1254 terrore
257 1190 425 1277 praesentis
444 1191 608 1266 exercitus,
627 1191 720 1255 miuis
738 1190 909 1254 amicornm
927 1189 1059 1276 Pompei
1076 1191 1143 1277 ple-

161 1278 224 1363 rique
239 1287 383 1372 compulsi
406 1285 494 1350 iuviti
520 1296 551 1350 et
576 1286 675 1349 coacti
699 1283 855 1369 Scipionis
882 1286 1067 1350 sententiam
1094 1309 1143 1351 se·

161 1387 272 1457 qnmtur:
290 1381 334 1445 uti
352 1391 424 1444 ante
442 1387 559 1443 certam
576 1379 659 1443 diem
675 1377 794 1443 Cacsar
808 1379 976 1443 exercitum
995 1379 1142 1457 dimittat3

160 1469 181 1532 si
192 1493 237 1537 non
250 1474 349 1552 saciat,
368 1496 441 1538 eum
458 1473 609 1537 adversus
628 1472 852 1558 rempublicam
866 1472 1021 1537 facturum
1033 1471 1142 1537 videri.

159 1563 284 1633 intercedit
295 1568 343 1633 M.
353 1568 521 1643 Antonius,
537 1566 577 1651 Q.
590 1567 731 1644 Cassius,
747 1567 862 1632 tribuni
874 1567 985 1652 plebis.
1012 1567 1144 1632 refertur

158 1659 285 1727 mdestim
299 1663 337 1727 de
350 1662 571 1727 intercessione
586 1661 788 1727 tribunorum.
817 1662 961 1726 dicuntur
974 1661 1143 1726 sententiae

156 1773 249 1836 gnres:
271 1757 455 1840 utquisque
473 1755 673 1821 acerbissime
692 1755 967 1839 crudelissimeque
985 1755 1077 1833 dixit,
1100 1756 1144 1820 ita

156 1866 223 1928 qum
237 1851 368 1915 maxime
387 1850 426 1915 ab
444 1850 578 1914 inimicis
594 1849 739 1914 Caesaris
759 1849 960 1914 collaudatur.
987 1849 1085 1915 misso
1103 1850 1143 1914 ad
1162 1869 1176 1915 3

156 1960 287 2026 vesperum
304 1955 415 2010 senatu
433 1966 551 2020 omncs,
570 1943 625 2027 qui
643 1954 716 2008 sunt
734 1944 800 2008 cius
815 1943 941 2021 ordinis,
960 1944 1143 2029 aPompeio

155 2051 296 2103 evocantur.
325 2037 432 2102 laudat
444 2037 615 2123 Pompeius
633 2048 725 2121 atque
744 2038 776 2101 in
793 2049 952 2122 posterum
971 2037 1142 2116 confirmat,

156 2132 279 2214 segniores
301 2133 435 2217 castigat
457 2142 550 2214 atquc
573 2132 689 2196 incitat.
726 2132 814 2195 multi
836 2132 974 2215 undiquc
997 2154 1037 2196 ex
1058 2141 1144 2196 vete·

155 2219 215 2288 n'lus
229 2225 357 2312 Pompei
375 2225 561 2290 exercitibus
585 2248 641 2310 spe
658 2227 867 2310 praemiorum
889 2237 982 2310 atque
1000 2225 1143 2291 ordinum

156 2331 298 2397 utuntur,
317 2320 407 2383 multi
426 2341 465 2383 ex
483 2319 604 2384 duabus
622 2320 808 2405 legionibus,
827 2342 908 2404 quae
926 2330 999 2386 sunt
1013 2319 1143 2385 traditae

156 2407 305 2491 ⁸Caesare,
324 2425 537 2479 arcessuntur:
557 2414 729 2498 completur
745 2414 820 2478 urbs
839 2426 870 2478 ct
890 2412 968 2500 [ius]
984 2414 1143 2478 comitium

156 2500 265 2585 ulnis,
284 2508 532 2584 centurionibus,
551 2509 697 2574 evocatis.
733 2530 841 2572 omnes
859 2509 951 2572 amici
969 2507 1142 2584 consulum,

156 2602 286 2665 ssoeusarii
309 2602 442 2687 Pompei
469 2612 562 2685 atque
589 2623 712 2679 corum,
740 2602 793 2684 qui
821 2612 940 2666 veteres
967 2601 1143 2665 inimicitias

156 2708 204 2756 cun
218 2695 346 2762 Caesare
364 2697 523 2784 gerebant,
542 2698 575 2761 in
593 2709 735 2762 senatum
753 2708 920 2782 eoguntur3
939 2718 1072 2780 quorum
1089 2717 1145 2759 vo·

156 2780 216 2854 Ubus
227 2800 254 2857 et
265 2815 419 2858 concursu
433 2803 585 2857 terrentur
599 2791 793 2868 infirmiores
813 2791 899 2856 dubii
913 2790 1142 2867 confirmantur,

156 2874 275 2968 plerisque
297 2909 372 2951 vero
393 2886 490 2951 libere
513 2885 700 2950 decernendi
721 2895 860 2970 potestas
883 2884 1019 2969 cripitur.
1054 2882 1144 2967 polli-

156 2982 215 3041 oetnr
227 2979 264 3044 L.
282 2980 359 3044 Piso
377 3002 488 3045 censor
511 3002 580 3045 sese
598 2980 715 3043 iturum
738 2979 778 3043 ad
798 2977 981 3053 Caesarem,
1008 2977 1084 3040 item
1101 2975 1143 3039 L.

155 3058 253 3138 bran
270 3083 408 3160 praetor,
427 3074 482 3157 qni
500 3074 539 3137 dc
557 3073 606 3139 his
625 3073 719 3138 rebus
738 3096 810 3137 eum
827 3072 974 3137 doceant:
1002 3093 1058 3135 sex
1076 3069 1143 3134 dies

155 3157 248 3231 adeam
263 3190 330 3232 rem
349 3167 572 3232 conficiendam
591 3168 683 3252 spatii
696 3166 865 3253 postulant.
893 3165 1038 3230 dicuntur
1050 3164 1144 3229 etiam

154 3248 334 3325 &nonnullis
353 3262 539 3339 sentcntiae,
563 3272 598 3325 ut
615 3262 710 3346 legati
727 3261 767 3325 ad
786 3260 954 3326 Caesarem
973 3258 1143 3334 mittantur,

153 3346 189 3449 lui
203 3353 387 3419 voluntatem
410 3367 536 3419 senatus
564 3356 593 3419 ci
618 3366 802 3440 proponant.
853 3353 998 3418 omnibus
1024 3352 1074 3417 his
1096 3374 1178 3419 re-4

153 3442 251 3524 utrm,
279 3448 486 3532 omnibusque
508 3449 606 3514 oratio
633 3449 784 3524 consulis,
813 3447 984 3533 Scipionis,
1013 3446 1143 3511 Catonis

151 3540 293 3620 uantur.
332 3542 485 3607 Catonem
505 3553 624 3608 veteres
648 3543 827 3607 inimicitiae
847 3542 993 3608 Caesaris
1015 3541 1144 3604 incitant

150 3631 260 3700 ddolor
280 3637 434 3721 repulsae.
470 3637 626 3701 Lentulus
649 3638 728 3701 acris
751 3637 844 3702 alieni
870 3634 1092 3721 magnitudine!
1112 3644 1143 3696 et

148 3731 357 3807 ueneratus
385 3754 422 3795 ac
448 3732 678 3817 provinciarum
701 3742 731 3795 et
752 3753 863 3816 regum
889 3726 1144 3815 appellandorum

146 3808 339 3906 litationibus
366 3837 510 3890 movetur
536 3848 632 3909 seque
659 3824 790 3889 alterum
821 3824 889 3889 fore
917 3821 1039 3889 Sullam
1064 3821 1146 3885 inter

144 3930 200 3981 mos
214 3918 377 4004 gloriatur,
401 3921 441 3984 ad
463 3943 557 4004 quem
580 3943 704 3984 summa
726 3917 848 4004 imperii
865 3918 981 3983 redeat.
1022 3914 1144 3999 Scipio·

141 4014 311 4078 mandem
321 4037 393 4099 spcs
406 4015 583 4098 provinciae
598 4026 690 4097 atquc
705 4013 897 4078 exercituum
911 4010 1051 4096 impellit,
1065 4031 1144 4093 quos

139 4122 166 4168 te
176 4128 229 4192 pro
245 4109 476 4174 necessitudine
498 4111 684 4196 partiturum
708 4131 781 4172 eum
798 4107 950 4191 Pompeio
969 4105 1143 4179 arbitratur,

135 4196 215 4267 simul
231 4204 418 4270 iudiciorum
436 4216 553 4280 metus,
581 4204 719 4268 adulatio
742 4214 835 4286 atque
858 4201 1023 4266 ostentatio
1046 4199 1095 4263 sui
1112 4217 1145 4264 et

130 4297 303 4379 potentium,
322 4298 376 4381 qui
393 4298 427 4362 in
443 4298 604 4384 republica
616 4298 801 4380 iudiciisque
814 4307 880 4360 tum
894 4295 1062 4380 plurimum
1074 4293 1144 4377 pol-

127 4386 237 4456 lebant.
272 4393 343 4477 ipse
363 4392 535 4479 Pompeius
558 4392 597 4457 ab
620 4393 754 4456 inimicis
777 4389 924 4456 Caesaris
947 4388 1091 4453 incitatus
1113 4397 1144 4450 et

124 4486 206 4571 qnod
227 4487 385 4551 neminem
406 4488 557 4574 dignitato
580 4510 686 4551 seeum
709 4485 876 4568 exaequari
898 4482 1023 4548 volebat
1045 4491 1143 4545 totum

122 4604 155 4649 se
173 4581 214 4646 ab
233 4582 300 4646 eius
319 4583 454 4647 amicitia
471 4592 623 4648 averterat
642 4593 760 4647 etcum
779 4577 996 4644 communibus
1009 4573 1142 4666 inimicis

922 4681 972 4733 12·
