<?xml version="1.0" encoding="UTF-8"?>
<!DOCTYPE html PUBLIC "-//W3C//DTD XHTML 1.0 Transitional//EN"
    "http://www.w3.org/TR/xhtml1/DTD/xhtml1-transitional.dtd">
<html xmlns="http://www.w3.org/1999/xhtml" xml:lang="en" lang="en">
 <head>
  <title>
</title>
<meta http-equiv="Content-Type" content="text/html;charset=utf-8" />
  <meta name='ocr-system' content='tesseract 3.04.00' />
  <meta name='ocr-capabilities' content='ocr_page ocr_carea ocr_par ocr_line ocrx_word'/>
</head>
<body>
  <div class='ocr_page' id='page_1' title='image "./ciuliicaesarisc03krangoog_0339.png"; bbox 0 0 2692 5206; ppageno 0'>
   <div class='ocr_carea' id='block_1_1' title="bbox 487 794 1151 864">
    <p class='ocr_par' dir='ltr' id='par_1_1' title="bbox 487 794 1151 864">
     <span class='ocr_line' id='line_1_1' title="bbox 487 794 1151 864; baseline -0.002 -2"><span class='ocrx_word' id='word_1_1' title='bbox 487 805 603 863; x_wconf 81' lang='lat' dir='ltr'>COMM.</span> <span class='ocrx_word' id='word_1_2' title='bbox 623 809 674 864; x_wconf 90' lang='lat'>111.</span> <span class='ocrx_word' id='word_1_3' title='bbox 692 808 811 864; x_wconf 66' lang='lat' dir='ltr'>(st-⁷1.</span> <span class='ocrx_word' id='word_1_4' title='bbox 1087 794 1151 861; x_wconf 70' lang='lat'>267</span> 
     </span>
    </p>
   </div>
   <div class='ocr_carea' id='block_1_2' title="bbox 123 930 1261 4594">
    <p class='ocr_par' dir='ltr' id='par_1_2' title="bbox 123 930 1261 4594">
     <span class='ocr_line' id='line_1_2' title="bbox 130 930 1151 1017; baseline -0.002 -19"><span class='ocrx_word' id='word_1_5' title='bbox 130 932 300 998; x_wconf 89' lang='lat' dir='ltr'>conabatur</span> <span class='ocrx_word' id='word_1_6' title='bbox 316 940 408 1016; x_wconf 91' lang='lat' dir='ltr'>atque</span> <span class='ocrx_word' id='word_1_7' title='bbox 426 930 506 997; x_wconf 90' lang='lat' dir='ltr'>ultro</span> <span class='ocrx_word' id='word_1_8' title='bbox 523 930 557 994; x_wconf 92' lang='lat' dir='ltr'>in</span> <span class='ocrx_word' id='word_1_9' title='bbox 573 942 696 996; x_wconf 87' lang='lat' dir='ltr'>nostros</span> <span class='ocrx_word' id='word_1_10' title='bbox 718 932 870 1017; x_wconf 88' lang='lat' dir='ltr'>impetum</span> <span class='ocrx_word' id='word_1_11' title='bbox 886 930 1030 997; x_wconf 77' lang='lat' dir='ltr'><strong>faciebat.</strong></span> <span class='ocrx_word' id='word_1_12' title='bbox 1065 931 1151 1015; x_wconf 88' lang='lat' dir='ltr'>equi·</span> 
     </span>
     <span class='ocr_line' id='line_1_3' title="bbox 129 1023 1152 1112; baseline -0.001 -22"><span class='ocrx_word' id='word_1_13' title='bbox 129 1036 212 1092; x_wconf 87' lang='lat' dir='ltr'>tatus</span> <span class='ocrx_word' id='word_1_14' title='bbox 231 1023 392 1102; x_wconf 79' lang='lat' dir='ltr'>Caesaris,</span> <span class='ocrx_word' id='word_1_15' title='bbox 420 1025 504 1109; x_wconf 87' lang='lat' dir='ltr'>quod</span> <span class='ocrx_word' id='word_1_16' title='bbox 527 1037 661 1112; x_wconf 82' lang='lat' dir='ltr'>angusto</span> <span class='ocrx_word' id='word_1_17' title='bbox 682 1026 791 1092; x_wconf 90' lang='lat' dir='ltr'>itinere</span> <span class='ocrx_word' id='word_1_18' title='bbox 812 1048 869 1112; x_wconf 91' lang='lat' dir='ltr'>per</span> <span class='ocrx_word' id='word_1_19' title='bbox 890 1047 1022 1112; x_wconf 79' lang='lat' dir='ltr'>aggeres</span> <span class='ocrx_word' id='word_1_20' title='bbox 1044 1047 1152 1092; x_wconf 82' lang='lat' dir='ltr'>ascen-</span> 
     </span>
     <span class='ocr_line' id='line_1_4' title="bbox 129 1119 1152 1207; baseline 0 -22"><span class='ocrx_word' id='word_1_21' title='bbox 129 1119 233 1197; x_wconf 85' lang='lat' dir='ltr'>debat,</span> <span class='ocrx_word' id='word_1_22' title='bbox 246 1120 385 1205; x_wconf 91' lang='lat' dir='ltr'>receptui</span> <span class='ocrx_word' id='word_1_23' title='bbox 399 1143 457 1184; x_wconf 92' lang='lat' dir='ltr'>suo</span> <span class='ocrx_word' id='word_1_24' title='bbox 471 1119 584 1185; x_wconf 91' lang='lat' dir='ltr'>timens</span> <span class='ocrx_word' id='word_1_25' title='bbox 598 1120 720 1184; x_wconf 92' lang='lat' dir='ltr'>initium</span> <span class='ocrx_word' id='word_1_26' title='bbox 729 1120 824 1207; x_wconf 80' lang='lat' dir='ltr'>fugae</span> <span class='ocrx_word' id='word_1_27' title='bbox 836 1119 981 1185; x_wconf 81' lang='lat' dir='ltr'>faciebat.</span> <span class='ocrx_word' id='word_1_28' title='bbox 1008 1120 1152 1185; x_wconf 86' lang='lat' dir='ltr'>dextrum</span> 
     </span>
     <span class='ocr_line' id='line_1_5' title="bbox 130 1213 1152 1298; baseline -0.001 -19"><span class='ocrx_word' id='word_1_29' title='bbox 130 1236 240 1291; x_wconf 90' lang='lat' dir='ltr'>cornu,</span> <span class='ocrx_word' id='word_1_30' title='bbox 271 1213 356 1298; x_wconf 93' lang='lat' dir='ltr'>quod</span> <span class='ocrx_word' id='word_1_31' title='bbox 382 1223 448 1278; x_wconf 88' lang='lat' dir='ltr'>erat</span> <span class='ocrx_word' id='word_1_32' title='bbox 473 1237 493 1278; x_wconf 92' lang='lat' dir='ltr'>a</span> <span class='ocrx_word' id='word_1_33' title='bbox 519 1213 644 1278; x_wconf 89' lang='lat' dir='ltr'>sinistro</span> <span class='ocrx_word' id='word_1_34' title='bbox 671 1216 842 1292; x_wconf 91' lang='lat' dir='ltr'>seclusum,</span> <span class='ocrx_word' id='word_1_35' title='bbox 873 1223 987 1280; x_wconf 88' lang='lat' dir='ltr'>terrore</span> <span class='ocrx_word' id='word_1_36' title='bbox 1014 1213 1152 1298; x_wconf 91' lang='lat' dir='ltr'>equitnm</span> 
     </span>
     <span class='ocr_line' id='line_1_6' title="bbox 130 1307 1151 1394; baseline 0.001 -22"><span class='ocrx_word' id='word_1_37' title='bbox 130 1308 355 1384; x_wconf 86' lang='lat' dir='ltr'>animadverso,</span> <span class='ocrx_word' id='word_1_38' title='bbox 374 1329 413 1371; x_wconf 90' lang='lat' dir='ltr'>ne</span> <span class='ocrx_word' id='word_1_39' title='bbox 430 1307 511 1372; x_wconf 88' lang='lat' dir='ltr'>intra</span> <span class='ocrx_word' id='word_1_40' title='bbox 528 1308 730 1372; x_wconf 91' lang='lat' dir='ltr'>munitionem</span> <span class='ocrx_word' id='word_1_41' title='bbox 748 1309 980 1394; x_wconf 87' lang='lat' dir='ltr'>opprimeretur,</span> <span class='ocrx_word' id='word_1_42' title='bbox 1000 1330 1038 1373; x_wconf 89' lang='lat' dir='ltr'>ea</span> <span class='ocrx_word' id='word_1_43' title='bbox 1054 1317 1151 1393; x_wconf 85' lang='lat' dir='ltr'>parte,</span> 
     </span>
     <span class='ocr_line' id='line_1_7' title="bbox 129 1400 1152 1487; baseline -0.002 -22"><span class='ocrx_word' id='word_1_44' title='bbox 129 1424 192 1484; x_wconf 88' lang='lat' dir='ltr'>qua</span> <span class='ocrx_word' id='word_1_45' title='bbox 208 1410 382 1486; x_wconf 79' lang='lat' dir='ltr'>prorueret,</span> <span class='ocrx_word' id='word_1_46' title='bbox 409 1422 479 1466; x_wconf 89' lang='lat' dir='ltr'>sese</span> <span class='ocrx_word' id='word_1_47' title='bbox 496 1401 678 1487; x_wconf 91' lang='lat' dir='ltr'>recipiebat,</span> <span class='ocrx_word' id='word_1_48' title='bbox 705 1424 742 1467; x_wconf 91' lang='lat' dir='ltr'>ac</span> <span class='ocrx_word' id='word_1_49' title='bbox 759 1402 897 1487; x_wconf 90' lang='lat' dir='ltr'>plerique</span> <span class='ocrx_word' id='word_1_50' title='bbox 915 1424 954 1467; x_wconf 85' lang='lat' dir='ltr'>ex</span> <span class='ocrx_word' id='word_1_51' title='bbox 971 1401 1036 1478; x_wconf 88' lang='lat' dir='ltr'>his,</span> <span class='ocrx_word' id='word_1_52' title='bbox 1062 1422 1102 1465; x_wconf 90' lang='lat' dir='ltr'>ne</span> <span class='ocrx_word' id='word_1_53' title='bbox 1119 1400 1152 1463; x_wconf 91' lang='lat' dir='ltr'>in</span> 
     </span>
     <span class='ocr_line' id='line_1_8' title="bbox 128 1494 1151 1582; baseline 0.001 -22"><span class='ocrx_word' id='word_1_54' title='bbox 128 1496 291 1582; x_wconf 84' lang='lat' dir='ltr'>angustias</span> <span class='ocrx_word' id='word_1_55' title='bbox 308 1495 493 1573; x_wconf 88' lang='lat' dir='ltr'>inciderent,</span> <span class='ocrx_word' id='word_1_56' title='bbox 513 1519 553 1561; x_wconf 86' lang='lat' dir='ltr'>ex</span> <span class='ocrx_word' id='word_1_57' title='bbox 569 1495 608 1560; x_wconf 92' lang='lat' dir='ltr'>X</span> <span class='ocrx_word' id='word_1_58' title='bbox 623 1497 741 1581; x_wconf 87' lang='lat' dir='ltr'>pedum</span> <span class='ocrx_word' id='word_1_59' title='bbox 758 1497 928 1561; x_wconf 90' lang='lat' dir='ltr'>munitione</span> <span class='ocrx_word' id='word_1_60' title='bbox 946 1518 981 1562; x_wconf 87' lang='lat' dir='ltr'>se</span> <span class='ocrx_word' id='word_1_61' title='bbox 998 1495 1031 1561; x_wconf 89' lang='lat' dir='ltr'>in</span> <span class='ocrx_word' id='word_1_62' title='bbox 1048 1494 1151 1561; x_wconf 82' lang='lat' dir='ltr'>fossus</span> 
     </span>
     <span class='ocr_line' id='line_1_9' title="bbox 128 1588 1261 1676; baseline 0 -22"><span class='ocrx_word' id='word_1_63' title='bbox 128 1588 383 1676; x_wconf 89' lang='lat' dir='ltr'>praecipitabant,</span> <span class='ocrx_word' id='word_1_64' title='bbox 401 1590 572 1675; x_wconf 81' lang='lat' dir='ltr'>primisque</span> <span class='ocrx_word' id='word_1_65' title='bbox 590 1591 748 1676; x_wconf 84' lang='lat' dir='ltr'>oppressis</span> <span class='ocrx_word' id='word_1_66' title='bbox 765 1589 875 1675; x_wconf 91' lang='lat' dir='ltr'>reliqui</span> <span class='ocrx_word' id='word_1_67' title='bbox 892 1612 948 1675; x_wconf 91' lang='lat' dir='ltr'>per</span> <span class='ocrx_word' id='word_1_68' title='bbox 960 1590 1071 1655; x_wconf 93' lang='lat' dir='ltr'>horum</span> <span class='ocrx_word' id='word_1_69' title='bbox 1084 1610 1153 1656; x_wconf 91' lang='lat' dir='ltr'>cor-</span> <span class='ocrx_word' id='word_1_70' title='bbox 1259 1636 1261 1641; x_wconf 89' lang='lat'>-</span> 
     </span>
     <span class='ocr_line' id='line_1_10' title="bbox 128 1683 1153 1771; baseline -0.001 -22"><span class='ocrx_word' id='word_1_71' title='bbox 128 1707 206 1771; x_wconf 88' lang='lat' dir='ltr'>pora</span> <span class='ocrx_word' id='word_1_72' title='bbox 224 1683 357 1750; x_wconf 89' lang='lat' dir='ltr'>salutem</span> <span class='ocrx_word' id='word_1_73' title='bbox 374 1684 434 1749; x_wconf 90' lang='lat' dir='ltr'>sibi</span> <span class='ocrx_word' id='word_1_74' title='bbox 452 1693 544 1769; x_wconf 90' lang='lat' dir='ltr'>atque</span> <span class='ocrx_word' id='word_1_75' title='bbox 563 1685 681 1749; x_wconf 83' lang='lat' dir='ltr'>exitum</span> <span class='ocrx_word' id='word_1_76' title='bbox 702 1684 872 1770; x_wconf 89' lang='lat' dir='ltr'>pariebant.</span> <span class='ocrx_word' id='word_1_77' title='bbox 913 1684 1037 1749; x_wconf 86' lang='lat' dir='ltr'>sinistro</span> <span class='ocrx_word' id='word_1_78' title='bbox 1055 1705 1153 1749; x_wconf 92' lang='lat' dir='ltr'>cornu</span> 
     </span>
     <span class='ocr_line' id='line_1_11' title="bbox 129 1777 1151 1865; baseline -0.001 -21"><span class='ocrx_word' id='word_1_79' title='bbox 129 1779 258 1857; x_wconf 86' lang='lat' dir='ltr'>milites,</span> <span class='ocrx_word' id='word_1_80' title='bbox 284 1801 356 1845; x_wconf 91' lang='lat' dir='ltr'>cum</span> <span class='ocrx_word' id='word_1_81' title='bbox 377 1801 417 1844; x_wconf 86' lang='lat' dir='ltr'>ex</span> <span class='ocrx_word' id='word_1_82' title='bbox 438 1781 521 1845; x_wconf 90' lang='lat' dir='ltr'>vallo</span> <span class='ocrx_word' id='word_1_83' title='bbox 543 1780 729 1865; x_wconf 90' lang='lat' dir='ltr'>Pompeium</span> <span class='ocrx_word' id='word_1_84' title='bbox 750 1779 861 1844; x_wconf 91' lang='lat' dir='ltr'>adesse</span> <span class='ocrx_word' id='word_1_85' title='bbox 888 1789 919 1844; x_wconf 91' lang='lat' dir='ltr'>et</span> <span class='ocrx_word' id='word_1_86' title='bbox 945 1800 1019 1844; x_wconf 89' lang='lat' dir='ltr'>suos</span> <span class='ocrx_word' id='word_1_87' title='bbox 1042 1777 1151 1863; x_wconf 84' lang='lat' dir='ltr'>sugere</span> 
     </span>
     <span class='ocr_line' id='line_1_12' title="bbox 130 1873 1153 1960; baseline 0.003 -23"><span class='ocrx_word' id='word_1_88' title='bbox 130 1884 298 1950; x_wconf 86' lang='lat' dir='ltr'>cernerent,</span> <span class='ocrx_word' id='word_1_89' title='bbox 316 1873 420 1951; x_wconf 90' lang='lat' dir='ltr'>veriti,</span> <span class='ocrx_word' id='word_1_90' title='bbox 439 1896 479 1938; x_wconf 90' lang='lat' dir='ltr'>ne</span> <span class='ocrx_word' id='word_1_91' title='bbox 496 1875 649 1960; x_wconf 87' lang='lat' dir='ltr'>angustiis</span> <span class='ocrx_word' id='word_1_92' title='bbox 667 1873 956 1950; x_wconf 89' lang='lat' dir='ltr'>intercluderentur,</span> <span class='ocrx_word' id='word_1_93' title='bbox 975 1893 1047 1938; x_wconf 94' lang='lat' dir='ltr'>cum</span> <span class='ocrx_word' id='word_1_94' title='bbox 1064 1884 1153 1940; x_wconf 84' lang='lat' dir='ltr'>extra</span> 
     </span>
     <span class='ocr_line' id='line_1_13' title="bbox 129 1966 1152 2054; baseline 0.001 -22"><span class='ocrx_word' id='word_1_95' title='bbox 129 1978 159 2032; x_wconf 88' lang='lat' dir='ltr'>et</span> <span class='ocrx_word' id='word_1_96' title='bbox 176 1967 261 2032; x_wconf 86' lang='lat' dir='ltr'>intus</span> <span class='ocrx_word' id='word_1_97' title='bbox 278 1967 401 2032; x_wconf 89' lang='lat' dir='ltr'>hostem</span> <span class='ocrx_word' id='word_1_98' title='bbox 419 1966 583 2044; x_wconf 89' lang='lat' dir='ltr'>haberent,</span> <span class='ocrx_word' id='word_1_99' title='bbox 607 1968 731 2043; x_wconf 89' lang='lat' dir='ltr'>eodem,</span> <span class='ocrx_word' id='word_1_100' title='bbox 755 1988 816 2050; x_wconf 94' lang='lat' dir='ltr'>quo</span> <span class='ocrx_word' id='word_1_101' title='bbox 839 1976 1001 2044; x_wconf 90' lang='lat' dir='ltr'>venerant,</span> <span class='ocrx_word' id='word_1_102' title='bbox 1024 1981 1152 2054; x_wconf 89' lang='lat' dir='ltr'>receptu</span> 
     </span>
     <span class='ocr_line' id='line_1_14' title="bbox 130 2061 1153 2150; baseline 0.002 -24"><span class='ocrx_word' id='word_1_103' title='bbox 130 2061 191 2127; x_wconf 85' lang='lat' dir='ltr'>sibi</span> <span class='ocrx_word' id='word_1_104' title='bbox 209 2061 421 2140; x_wconf 80' lang='lat' dir='ltr'>consulebant,</span> <span class='ocrx_word' id='word_1_105' title='bbox 441 2062 607 2146; x_wconf 86' lang='lat' dir='ltr'>omniaque</span> <span class='ocrx_word' id='word_1_106' title='bbox 625 2072 713 2127; x_wconf 90' lang='lat' dir='ltr'>erant</span> <span class='ocrx_word' id='word_1_107' title='bbox 730 2062 889 2139; x_wconf 92' lang='lat' dir='ltr'>tumultus,</span> <span class='ocrx_word' id='word_1_108' title='bbox 909 2062 1038 2140; x_wconf 87' lang='lat' dir='ltr'>timoris,</span> <span class='ocrx_word' id='word_1_109' title='bbox 1056 2061 1153 2150; x_wconf 82' lang='lat' dir='ltr'>fugae</span> 
     </span>
     <span class='ocr_line' id='line_1_15' title="bbox 130 2154 1153 2242; baseline 0.002 -23"><span class='ocrx_word' id='word_1_110' title='bbox 130 2155 231 2239; x_wconf 85' lang='lat' dir='ltr'>plena,</span> <span class='ocrx_word' id='word_1_111' title='bbox 249 2156 328 2221; x_wconf 90' lang='lat' dir='ltr'>adeo</span> <span class='ocrx_word' id='word_1_112' title='bbox 346 2168 390 2232; x_wconf 91' lang='lat' dir='ltr'>ut,</span> <span class='ocrx_word' id='word_1_113' title='bbox 409 2178 481 2221; x_wconf 89' lang='lat' dir='ltr'>cum</span> <span class='ocrx_word' id='word_1_114' title='bbox 500 2154 620 2221; x_wconf 80' lang='lat' dir='ltr'>Caeam</span> <span class='ocrx_word' id='word_1_115' title='bbox 638 2156 728 2241; x_wconf 85' lang='lat' dir='ltr'>signa</span> <span class='ocrx_word' id='word_1_116' title='bbox 744 2156 931 2242; x_wconf 82' lang='lat' dir='ltr'>fugientium</span> <span class='ocrx_word' id='word_1_117' title='bbox 948 2178 1044 2221; x_wconf 91' lang='lat' dir='ltr'>manu</span> <span class='ocrx_word' id='word_1_118' title='bbox 1061 2179 1153 2242; x_wconf 89' lang='lat' dir='ltr'>pren·</span> 
     </span>
     <span class='ocr_line' id='line_1_16' title="bbox 130 2248 1152 2334; baseline 0.004 -22"><span class='ocrx_word' id='word_1_119' title='bbox 130 2248 217 2313; x_wconf 90' lang='lat' dir='ltr'>deret</span> <span class='ocrx_word' id='word_1_120' title='bbox 242 2260 274 2313; x_wconf 91' lang='lat' dir='ltr'>et</span> <span class='ocrx_word' id='word_1_121' title='bbox 296 2250 465 2315; x_wconf 85' lang='lat' dir='ltr'>consistere</span> <span class='ocrx_word' id='word_1_122' title='bbox 487 2250 621 2327; x_wconf 88' lang='lat' dir='ltr'>iuberet,</span> <span class='ocrx_word' id='word_1_123' title='bbox 648 2251 699 2314; x_wconf 90' lang='lat' dir='ltr'>alii</span> <span class='ocrx_word' id='word_1_124' title='bbox 726 2249 885 2315; x_wconf 74' lang='lat' dir='ltr'>*dimissis</span> <span class='ocrx_word' id='word_1_125' title='bbox 908 2250 996 2334; x_wconf 89' lang='lat' dir='ltr'>equis</span> <span class='ocrx_word' id='word_1_126' title='bbox 1019 2251 1152 2316; x_wconf 91' lang='lat' dir='ltr'>eundem</span> 
     </span>
     <span class='ocr_line' id='line_1_17' title="bbox 131 2342 1153 2430; baseline 0.004 -24"><span class='ocrx_word' id='word_1_127' title='bbox 131 2363 258 2407; x_wconf 88' lang='lat' dir='ltr'>cursum</span> <span class='ocrx_word' id='word_1_128' title='bbox 284 2342 521 2429; x_wconf 73' lang='lat' dir='ltr'>confugerent&#39;,</span> <span class='ocrx_word' id='word_1_129' title='bbox 548 2344 600 2408; x_wconf 90' lang='lat' dir='ltr'>alii</span> <span class='ocrx_word' id='word_1_130' title='bbox 622 2366 662 2408; x_wconf 87' lang='lat' dir='ltr'>ex</span> <span class='ocrx_word' id='word_1_131' title='bbox 683 2354 768 2408; x_wconf 91' lang='lat' dir='ltr'>metu</span> <span class='ocrx_word' id='word_1_132' title='bbox 785 2344 878 2408; x_wconf 87' lang='lat' dir='ltr'>etiam</span> <span class='ocrx_word' id='word_1_133' title='bbox 905 2344 996 2430; x_wconf 84' lang='lat' dir='ltr'>signa</span> <span class='ocrx_word' id='word_1_134' title='bbox 1017 2344 1153 2410; x_wconf 92' lang='lat' dir='ltr'>dimitto-</span> 
     </span>
     <span class='ocr_line' id='line_1_18' title="bbox 131 2438 1202 2522; baseline 0.003 -22"><span class='ocrx_word' id='word_1_135' title='bbox 131 2445 206 2514; x_wconf 92' lang='lat' dir='ltr'>rent,</span> <span class='ocrx_word' id='word_1_136' title='bbox 225 2458 327 2519; x_wconf 90' lang='lat' dir='ltr'>neque</span> <span class='ocrx_word' id='word_1_137' title='bbox 345 2438 510 2522; x_wconf 90' lang='lat' dir='ltr'>quisquam</span> <span class='ocrx_word' id='word_1_138' title='bbox 528 2439 654 2503; x_wconf 89' lang='lat' dir='ltr'>omnino</span> <span class='ocrx_word' id='word_1_139' title='bbox 672 2439 863 2503; x_wconf 88' lang='lat' dir='ltr'>consisteret.</span> <span class='ocrx_word' id='word_1_140' title='bbox 890 2438 939 2503; x_wconf 89' lang='lat' dir='ltr'>his</span> <span class='ocrx_word' id='word_1_141' title='bbox 953 2439 1046 2504; x_wconf 90' lang='lat' dir='ltr'>tantis</span> <span class='ocrx_word' id='word_1_142' title='bbox 1061 2439 1151 2504; x_wconf 90' lang='lat' dir='ltr'>malis</span> <span class='ocrx_word' id='word_1_143' title='bbox 1170 2458 1202 2506; x_wconf 74' lang='lat' dir='ltr'>to</span> 
     </span>
     <span class='ocr_line' id='line_1_19' title="bbox 131 2528 1153 2615; baseline 0.001 -19"><span class='ocrx_word' id='word_1_144' title='bbox 131 2529 207 2596; x_wconf 86' lang='lat' dir='ltr'>haee</span> <span class='ocrx_word' id='word_1_145' title='bbox 232 2528 373 2596; x_wconf 89' lang='lat' dir='ltr'>subsidia</span> <span class='ocrx_word' id='word_1_146' title='bbox 400 2531 633 2609; x_wconf 88' lang='lat' dir='ltr'>succurrebant,</span> <span class='ocrx_word' id='word_1_147' title='bbox 661 2531 848 2615; x_wconf 92' lang='lat' dir='ltr'>quominus</span> <span class='ocrx_word' id='word_1_148' title='bbox 871 2532 972 2596; x_wconf 91' lang='lat' dir='ltr'>omnis</span> <span class='ocrx_word' id='word_1_149' title='bbox 999 2532 1153 2598; x_wconf 90' lang='lat' dir='ltr'>deleretur</span> 
     </span>
     <span class='ocr_line' id='line_1_20' title="bbox 132 2623 1153 2711; baseline 0.003 -23"><span class='ocrx_word' id='word_1_150' title='bbox 132 2623 299 2701; x_wconf 87' lang='lat' dir='ltr'>exercitus,</span> <span class='ocrx_word' id='word_1_151' title='bbox 326 2626 411 2707; x_wconf 92' lang='lat' dir='ltr'>quod</span> <span class='ocrx_word' id='word_1_152' title='bbox 432 2625 604 2711; x_wconf 92' lang='lat' dir='ltr'>Pompeius</span> <span class='ocrx_word' id='word_1_153' title='bbox 627 2625 755 2690; x_wconf 90' lang='lat' dir='ltr'>insidias</span> <span class='ocrx_word' id='word_1_154' title='bbox 779 2625 905 2702; x_wconf 86' lang='lat' dir='ltr'>timens,</span> <span class='ocrx_word' id='word_1_155' title='bbox 933 2626 1041 2703; x_wconf 90' lang='lat' dir='ltr'>eredo,</span> <span class='ocrx_word' id='word_1_156' title='bbox 1067 2627 1153 2710; x_wconf 92' lang='lat' dir='ltr'>quod</span> 
     </span>
     <span class='ocr_line' id='line_1_21' title="bbox 131 2717 1152 2804; baseline 0.001 -21"><span class='ocrx_word' id='word_1_157' title='bbox 131 2717 206 2783; x_wconf 87' lang='lat' dir='ltr'>haec</span> <span class='ocrx_word' id='word_1_158' title='bbox 219 2728 343 2802; x_wconf 86' lang='lat' dir='ltr'>praeter</span> <span class='ocrx_word' id='word_1_159' title='bbox 357 2741 444 2804; x_wconf 89' lang='lat' dir='ltr'>spem</span> <span class='ocrx_word' id='word_1_160' title='bbox 457 2720 633 2785; x_wconf 87' lang='lat' dir='ltr'>acciderant</span> <span class='ocrx_word' id='word_1_161' title='bbox 642 2718 718 2795; x_wconf 88' lang='lat' dir='ltr'>eius,</span> <span class='ocrx_word' id='word_1_162' title='bbox 733 2718 787 2800; x_wconf 92' lang='lat' dir='ltr'>qui</span> <span class='ocrx_word' id='word_1_163' title='bbox 801 2717 894 2802; x_wconf 86' lang='lat' dir='ltr'>paulo</span> <span class='ocrx_word' id='word_1_164' title='bbox 908 2729 979 2783; x_wconf 90' lang='lat' dir='ltr'>ante</span> <span class='ocrx_word' id='word_1_165' title='bbox 993 2740 1032 2783; x_wconf 85' lang='lat' dir='ltr'>ex</span> <span class='ocrx_word' id='word_1_166' title='bbox 1042 2719 1152 2784; x_wconf 88' lang='lat' dir='ltr'>castris</span> 
     </span>
     <span class='ocr_line' id='line_1_22' title="bbox 133 2811 1153 2898; baseline 0.002 -24"><span class='ocrx_word' id='word_1_167' title='bbox 133 2811 287 2897; x_wconf 82' lang='lat' dir='ltr'>fugientes</span> <span class='ocrx_word' id='word_1_168' title='bbox 310 2834 384 2877; x_wconf 91' lang='lat' dir='ltr'>snos</span> <span class='ocrx_word' id='word_1_169' title='bbox 411 2822 629 2898; x_wconf 83' lang='lat' dir='ltr'>conspexerat,</span> <span class='ocrx_word' id='word_1_170' title='bbox 656 2811 880 2876; x_wconf 87' lang='lat' dir='ltr'>munitionibus</span> <span class='ocrx_word' id='word_1_171' title='bbox 907 2812 1153 2897; x_wconf 88' lang='lat' dir='ltr'>appropinquare</span> 
     </span>
     <span class='ocr_line' id='line_1_23' title="bbox 132 2903 1151 2993; baseline 0.001 -23"><span class='ocrx_word' id='word_1_172' title='bbox 132 2905 321 2991; x_wconf 85' lang='lat' dir='ltr'>aliquamdiu</span> <span class='ocrx_word' id='word_1_173' title='bbox 338 2929 401 2970; x_wconf 91' lang='lat' dir='ltr'>non</span> <span class='ocrx_word' id='word_1_174' title='bbox 414 2906 557 2984; x_wconf 87' lang='lat' dir='ltr'>audebat,</span> <span class='ocrx_word' id='word_1_175' title='bbox 577 2907 758 2990; x_wconf 88' lang='lat' dir='ltr'>equitesque</span> <span class='ocrx_word' id='word_1_176' title='bbox 771 2906 838 2971; x_wconf 89' lang='lat' dir='ltr'>cius</span> <span class='ocrx_word' id='word_1_177' title='bbox 852 2906 1005 2993; x_wconf 83' lang='lat' dir='ltr'>angustiis</span> <span class='ocrx_word' id='word_1_178' title='bbox 1025 2903 1151 2991; x_wconf 91' lang='lat' dir='ltr'>[portis]</span> 
     </span>
     <span class='ocr_line' id='line_1_24' title="bbox 133 2998 1153 3086; baseline 0 -23"><span class='ocrx_word' id='word_1_179' title='bbox 133 3009 221 3083; x_wconf 83' lang='lat' dir='ltr'>atque</span> <span class='ocrx_word' id='word_1_180' title='bbox 239 2999 289 3065; x_wconf 88' lang='lat' dir='ltr'>his</span> <span class='ocrx_word' id='word_1_181' title='bbox 303 2999 342 3065; x_wconf 88' lang='lat' dir='ltr'>ab</span> <span class='ocrx_word' id='word_1_182' title='bbox 358 2998 503 3066; x_wconf 87' lang='lat' dir='ltr'>Caesaris</span> <span class='ocrx_word' id='word_1_183' title='bbox 520 3000 670 3066; x_wconf 90' lang='lat' dir='ltr'>militibus</span> <span class='ocrx_word' id='word_1_184' title='bbox 689 3000 848 3086; x_wconf 88' lang='lat' dir='ltr'>occupatis</span> <span class='ocrx_word' id='word_1_185' title='bbox 867 3000 908 3064; x_wconf 89' lang='lat' dir='ltr'>ad</span> <span class='ocrx_word' id='word_1_186' title='bbox 924 2999 1153 3083; x_wconf 89' lang='lat' dir='ltr'>insequendum</span> 
     </span>
     <span class='ocr_line' id='line_1_25' title="bbox 133 3092 1151 3181; baseline -0.001 -23"><span class='ocrx_word' id='word_1_187' title='bbox 133 3092 341 3158; x_wconf 78' lang='lat' dir='ltr'>tardabantur.</span> <span class='ocrx_word' id='word_1_188' title='bbox 377 3095 421 3159; x_wconf 89' lang='lat' dir='ltr'>ita</span> <span class='ocrx_word' id='word_1_189' title='bbox 438 3116 552 3179; x_wconf 88' lang='lat' dir='ltr'>parvae</span> <span class='ocrx_word' id='word_1_190' title='bbox 569 3117 619 3160; x_wconf 88' lang='lat' dir='ltr'>res</span> <span class='ocrx_word' id='word_1_191' title='bbox 637 3118 787 3181; x_wconf 83' lang='lat' dir='ltr'>magnum</span> <span class='ocrx_word' id='word_1_192' title='bbox 805 3095 838 3158; x_wconf 91' lang='lat' dir='ltr'>in</span> <span class='ocrx_word' id='word_1_193' title='bbox 852 3103 1151 3178; x_wconf 89' lang='lat' dir='ltr'>utramquepartem</span> 
     </span>
     <span class='ocr_line' id='line_1_26' title="bbox 132 3187 1151 3256; baseline 0 -4"><span class='ocrx_word' id='word_1_194' title='bbox 132 3197 321 3253; x_wconf 88' lang='lat' dir='ltr'>momentum</span> <span class='ocrx_word' id='word_1_195' title='bbox 334 3187 518 3254; x_wconf 87' lang='lat' dir='ltr'>habuerunt.</span> <span class='ocrx_word' id='word_1_196' title='bbox 538 3190 723 3256; x_wconf 90' lang='lat' dir='ltr'>munitiones</span> <span class='ocrx_word' id='word_1_197' title='bbox 733 3190 816 3254; x_wconf 87' lang='lat' dir='ltr'>enirn</span> <span class='ocrx_word' id='word_1_198' title='bbox 830 3213 849 3254; x_wconf 90' lang='lat' dir='ltr'>a</span> <span class='ocrx_word' id='word_1_199' title='bbox 862 3189 972 3254; x_wconf 89' lang='lat' dir='ltr'>castris</span> <span class='ocrx_word' id='word_1_200' title='bbox 981 3188 1022 3253; x_wconf 89' lang='lat' dir='ltr'>ad</span> <span class='ocrx_word' id='word_1_201' title='bbox 1034 3188 1151 3253; x_wconf 87' lang='lat' dir='ltr'>fiumen</span> 
     </span>
     <span class='ocr_line' id='line_1_27' title="bbox 130 3281 1154 3369; baseline 0.002 -24"><span class='ocrx_word' id='word_1_202' title='bbox 130 3281 298 3364; x_wconf 84' lang='lat' dir='ltr'>perductae</span> <span class='ocrx_word' id='word_1_203' title='bbox 314 3283 501 3368; x_wconf 77' lang='lat' dir='ltr'>expugnatis</span> <span class='ocrx_word' id='word_1_204' title='bbox 519 3283 582 3348; x_wconf 91' lang='lat' dir='ltr'>iam</span> <span class='ocrx_word' id='word_1_205' title='bbox 599 3285 708 3350; x_wconf 89' lang='lat' dir='ltr'>castris</span> <span class='ocrx_word' id='word_1_206' title='bbox 726 3283 859 3369; x_wconf 91' lang='lat' dir='ltr'>Pompei</span> <span class='ocrx_word' id='word_1_207' title='bbox 880 3283 1037 3368; x_wconf 90' lang='lat' dir='ltr'>proprium</span> <span class='ocrx_word' id='word_1_208' title='bbox 1059 3303 1154 3368; x_wconf 83' lang='lat' dir='ltr'>expe-</span> 
     </span>
     <span class='ocr_line' id='line_1_28' title="bbox 128 3373 1153 3463; baseline -0.003 -20"><span class='ocrx_word' id='word_1_209' title='bbox 128 3374 288 3459; x_wconf 85' lang='lat' dir='ltr'>ditumque</span> <span class='ocrx_word' id='word_1_210' title='bbox 307 3373 453 3441; x_wconf 85' lang='lat' dir='ltr'>Caesaris</span> <span class='ocrx_word' id='word_1_211' title='bbox 475 3377 635 3443; x_wconf 84' lang='lat' dir='ltr'>victoriam</span> <span class='ocrx_word' id='word_1_212' title='bbox 658 3378 944 3463; x_wconf 81' lang='lat' dir='ltr'>interpellaverunt,</span> <span class='ocrx_word' id='word_1_213' title='bbox 971 3376 1081 3441; x_wconf 91' lang='lat' dir='ltr'>eadem</span> <span class='ocrx_word' id='word_1_214' title='bbox 1102 3399 1153 3441; x_wconf 90' lang='lat' dir='ltr'>res</span> 
     </span>
     <span class='ocr_line' id='line_1_29' title="bbox 127 3469 1153 3553; baseline -0.003 -17"><span class='ocrx_word' id='word_1_215' title='bbox 127 3469 286 3536; x_wconf 83' lang='lat' dir='ltr'>eeleritate</span> <span class='ocrx_word' id='word_1_216' title='bbox 316 3469 547 3553; x_wconf 88' lang='lat' dir='ltr'>insequentium</span> <span class='ocrx_word' id='word_1_217' title='bbox 577 3472 698 3536; x_wconf 87' lang='lat' dir='ltr'>tardata</span> <span class='ocrx_word' id='word_1_218' title='bbox 727 3471 843 3537; x_wconf 88' lang='lat' dir='ltr'>nostris</span> <span class='ocrx_word' id='word_1_219' title='bbox 879 3470 1011 3535; x_wconf 91' lang='lat' dir='ltr'>salutern</span> <span class='ocrx_word' id='word_1_220' title='bbox 1041 3469 1153 3534; x_wconf 91' lang='lat' dir='ltr'>attulit.</span> 
     </span>
     <span class='ocr_line' id='line_1_30' title="bbox 124 3563 1202 3650; baseline 0.003 -19"><span class='ocrx_word' id='word_1_221' title='bbox 124 3563 252 3631; x_wconf 84' lang='lat' dir='ltr'>duobus</span> <span class='ocrx_word' id='word_1_222' title='bbox 273 3563 323 3629; x_wconf 91' lang='lat' dir='ltr'>hia</span> <span class='ocrx_word' id='word_1_223' title='bbox 345 3565 438 3629; x_wconf 91' lang='lat' dir='ltr'>unius</span> <span class='ocrx_word' id='word_1_224' title='bbox 460 3564 523 3629; x_wconf 90' lang='lat' dir='ltr'>diei</span> <span class='ocrx_word' id='word_1_225' title='bbox 544 3566 669 3650; x_wconf 90' lang='lat' dir='ltr'>proeliis</span> <span class='ocrx_word' id='word_1_226' title='bbox 688 3564 808 3632; x_wconf 90' lang='lat' dir='ltr'>Caesar</span> <span class='ocrx_word' id='word_1_227' title='bbox 830 3565 1018 3629; x_wconf 88' lang='lat' dir='ltr'>desideravit</span> <span class='ocrx_word' id='word_1_228' title='bbox 1039 3563 1153 3629; x_wconf 89' lang='lat' dir='ltr'>milites</span> <span class='ocrx_word' id='word_1_229' title='bbox 1173 3589 1202 3634; x_wconf 67' lang='grc' dir='ltr'>τι</span> 
     </span>
     <span class='ocr_line' id='line_1_31' title="bbox 123 3654 1153 3747; baseline -0.001 -23"><span class='ocrx_word' id='word_1_230' title='bbox 123 3654 356 3726; x_wconf 85' lang='lat' dir='ltr'>DCCCCLX</span> <span class='ocrx_word' id='word_1_231' title='bbox 373 3670 404 3725; x_wconf 87' lang='lat' dir='ltr'>et</span> <span class='ocrx_word' id='word_1_232' title='bbox 422 3664 532 3747; x_wconf 80' lang='lat' dir='ltr'>equites</span> <span class='ocrx_word' id='word_1_233' title='bbox 553 3661 613 3736; x_wconf 84' lang='lat' dir='ltr'>CC,</span> <span class='ocrx_word' id='word_1_234' title='bbox 632 3661 821 3726; x_wconf 86' lang='lat' dir='ltr'>Tuticanum</span> <span class='ocrx_word' id='word_1_235' title='bbox 840 3659 982 3735; x_wconf 89' lang='lat' dir='ltr'>Gallum,</span> <span class='ocrx_word' id='word_1_236' title='bbox 1002 3659 1153 3724; x_wconf 90' lang='lat' dir='ltr'>senatoris</span> 
     </span>
     <span class='ocr_line' id='line_1_32' title="bbox 124 3750 1152 3841; baseline -0.003 -22"><span class='ocrx_word' id='word_1_237' title='bbox 124 3750 243 3830; x_wconf 82' lang='lat' dir='ltr'>filium,</span> <span class='ocrx_word' id='word_1_238' title='bbox 271 3764 362 3819; x_wconf 91' lang='lat' dir='ltr'>notos</span> <span class='ocrx_word' id='word_1_239' title='bbox 385 3756 505 3839; x_wconf 90' lang='lat' dir='ltr'>equites</span> <span class='ocrx_word' id='word_1_240' title='bbox 526 3755 687 3820; x_wconf 88' lang='lat' dir='ltr'>Romanos</span> <span class='ocrx_word' id='word_1_241' title='bbox 706 3752 744 3819; x_wconf 90' lang='lat' dir='ltr'>C.</span> <span class='ocrx_word' id='word_1_242' title='bbox 762 3755 960 3841; x_wconf 85' lang='lat' dir='ltr'>Fleginatcm</span> <span class='ocrx_word' id='word_1_243' title='bbox 981 3752 1152 3828; x_wconf 84' lang='lat' dir='ltr'>Placentia,</span> 
     </span>
     <span class='ocr_line' id='line_1_33' title="bbox 126 3843 1153 3933; baseline -0.002 -20"><span class='ocrx_word' id='word_1_244' title='bbox 126 3850 169 3913; x_wconf 83' lang='lat' dir='ltr'>A.</span> <span class='ocrx_word' id='word_1_245' title='bbox 190 3843 348 3913; x_wconf 82' lang='lat' dir='ltr'>Granium</span> <span class='ocrx_word' id='word_1_246' title='bbox 364 3846 521 3927; x_wconf 90' lang='lat' dir='ltr'>Puteolis,</span> <span class='ocrx_word' id='word_1_247' title='bbox 548 3848 595 3913; x_wconf 88' lang='lat' dir='ltr'>M.</span> <span class='ocrx_word' id='word_1_248' title='bbox 617 3846 840 3913; x_wconf 87' lang='lat' dir='ltr'>Sacrativirum</span> <span class='ocrx_word' id='word_1_249' title='bbox 858 3846 984 3933; x_wconf 89' lang='lat' dir='ltr'>Capua,</span> <span class='ocrx_word' id='word_1_250' title='bbox 1012 3846 1153 3912; x_wconf 89' lang='lat' dir='ltr'>tribunos</span> 
     </span>
     <span class='ocr_line' id='line_1_34' title="bbox 125 3942 1154 4027; baseline 0 -21"><span class='ocrx_word' id='word_1_251' title='bbox 125 3942 263 4007; x_wconf 85' lang='lat' dir='ltr'>militum</span> <span class='ocrx_word' id='word_1_252' title='bbox 280 3953 312 4006; x_wconf 85' lang='lat' dir='ltr'>et</span> <span class='ocrx_word' id='word_1_253' title='bbox 329 3945 524 4009; x_wconf 88' lang='lat' dir='ltr'>centuriones</span> <span class='ocrx_word' id='word_1_254' title='bbox 542 3943 702 4021; x_wconf 89' lang='lat' dir='ltr'>XXXll;</span> <span class='ocrx_word' id='word_1_255' title='bbox 721 3943 777 4009; x_wconf 92' lang='lat' dir='ltr'>sed</span> <span class='ocrx_word' id='word_1_256' title='bbox 794 3944 905 4009; x_wconf 93' lang='lat' dir='ltr'>horum</span> <span class='ocrx_word' id='word_1_257' title='bbox 924 3942 1063 4008; x_wconf 92' lang='lat' dir='ltr'>omnium</span> <span class='ocrx_word' id='word_1_258' title='bbox 1080 3963 1154 4027; x_wconf 91' lang='lat' dir='ltr'>pars</span> 
     </span>
     <span class='ocr_line' id='line_1_35' title="bbox 128 4035 1155 4122; baseline 0.002 -23"><span class='ocrx_word' id='word_1_259' title='bbox 128 4054 245 4121; x_wconf 82' lang='lat' dir='ltr'>magna</span> <span class='ocrx_word' id='word_1_260' title='bbox 261 4035 295 4100; x_wconf 92' lang='lat' dir='ltr'>in</span> <span class='ocrx_word' id='word_1_261' title='bbox 313 4035 407 4102; x_wconf 85' lang='lat' dir='ltr'>fossis</span> <span class='ocrx_word' id='word_1_262' title='bbox 421 4038 705 4122; x_wconf 91' lang='lat' dir='ltr'>munitionibusque</span> <span class='ocrx_word' id='word_1_263' title='bbox 719 4047 751 4102; x_wconf 90' lang='lat' dir='ltr'>et</span> <span class='ocrx_word' id='word_1_264' title='bbox 763 4037 899 4103; x_wconf 90' lang='lat' dir='ltr'>fluminis</span> <span class='ocrx_word' id='word_1_265' title='bbox 913 4037 990 4122; x_wconf 91' lang='lat' dir='ltr'>ripis</span> <span class='ocrx_word' id='word_1_266' title='bbox 1004 4059 1155 4122; x_wconf 90' lang='lat' dir='ltr'>oppressa</span> 
     </span>
     <span class='ocr_line' id='line_1_36' title="bbox 131 4129 1155 4218; baseline 0.002 -24"><span class='ocrx_word' id='word_1_267' title='bbox 131 4148 259 4195; x_wconf 81' lang='lat' dir='ltr'>suorum</span> <span class='ocrx_word' id='word_1_268' title='bbox 275 4129 309 4194; x_wconf 93' lang='lat' dir='ltr'>in</span> <span class='ocrx_word' id='word_1_269' title='bbox 326 4141 441 4196; x_wconf 88' lang='lat' dir='ltr'>terrore</span> <span class='ocrx_word' id='word_1_270' title='bbox 459 4155 497 4197; x_wconf 90' lang='lat' dir='ltr'>ac</span> <span class='ocrx_word' id='word_1_271' title='bbox 511 4132 589 4218; x_wconf 83' lang='lat' dir='ltr'>fuga</span> <span class='ocrx_word' id='word_1_272' title='bbox 601 4133 668 4196; x_wconf 90' lang='lat' dir='ltr'>sine</span> <span class='ocrx_word' id='word_1_273' title='bbox 683 4131 746 4197; x_wconf 93' lang='lat' dir='ltr'>ullo</span> <span class='ocrx_word' id='word_1_274' title='bbox 760 4132 887 4197; x_wconf 88' lang='lat' dir='ltr'>vulnere</span> <span class='ocrx_word' id='word_1_275' title='bbox 900 4132 1030 4210; x_wconf 88' lang='lat' dir='ltr'>interiit;</span> <span class='ocrx_word' id='word_1_276' title='bbox 1050 4131 1155 4217; x_wconf 82' lang='lat' dir='ltr'>signa·</span> 
     </span>
     <span class='ocr_line' id='line_1_37' title="bbox 133 4224 1154 4312; baseline 0.002 -24"><span class='ocrx_word' id='word_1_277' title='bbox 133 4242 191 4306; x_wconf 89' lang='lat' dir='ltr'>que</span> <span class='ocrx_word' id='word_1_278' title='bbox 208 4234 282 4290; x_wconf 86' lang='lat' dir='ltr'>sunt</span> <span class='ocrx_word' id='word_1_279' title='bbox 300 4224 444 4290; x_wconf 87' lang='lat' dir='ltr'>militaria</span> <span class='ocrx_word' id='word_1_280' title='bbox 460 4225 577 4290; x_wconf 87' lang='lat' dir='ltr'>amissa</span> <span class='ocrx_word' id='word_1_281' title='bbox 593 4225 748 4290; x_wconf 84' lang='lat' dir='ltr'>XXXII.</span> <span class='ocrx_word' id='word_1_282' title='bbox 783 4225 954 4312; x_wconf 91' lang='lat' dir='ltr'>Pompeius</span> <span class='ocrx_word' id='word_1_283' title='bbox 977 4249 1015 4292; x_wconf 91' lang='lat' dir='ltr'>eo</span> <span class='ocrx_word' id='word_1_284' title='bbox 1036 4225 1154 4311; x_wconf 87' lang='lat' dir='ltr'>proelio</span> 
     </span>
     <span class='ocr_line' id='line_1_38' title="bbox 134 4313 1154 4405; baseline 0.004 -25"><span class='ocrx_word' id='word_1_285' title='bbox 134 4313 298 4403; x_wconf 88' lang='lat' dir='ltr'>imperator</span> <span class='ocrx_word' id='word_1_286' title='bbox 315 4329 363 4383; x_wconf 90' lang='lat' dir='ltr'>est</span> <span class='ocrx_word' id='word_1_287' title='bbox 380 4319 564 4405; x_wconf 86' lang='lat' dir='ltr'>appellatus.</span> <span class='ocrx_word' id='word_1_288' title='bbox 590 4320 650 4385; x_wconf 92' lang='lat' dir='ltr'>hoc</span> <span class='ocrx_word' id='word_1_289' title='bbox 667 4342 782 4385; x_wconf 90' lang='lat' dir='ltr'>nomen</span> <span class='ocrx_word' id='word_1_290' title='bbox 798 4320 932 4385; x_wconf 90' lang='lat' dir='ltr'>obtinuit</span> <span class='ocrx_word' id='word_1_291' title='bbox 949 4332 1042 4405; x_wconf 89' lang='lat' dir='ltr'>atque</span> <span class='ocrx_word' id='word_1_292' title='bbox 1059 4321 1103 4386; x_wconf 86' lang='lat' dir='ltr'>ita</span> <span class='ocrx_word' id='word_1_293' title='bbox 1120 4343 1154 4385; x_wconf 91' lang='lat' dir='ltr'>se</span> 
     </span>
     <span class='ocr_line' id='line_1_39' title="bbox 135 4411 1154 4499; baseline -0.001 -22"><span class='ocrx_word' id='word_1_294' title='bbox 135 4420 240 4494; x_wconf 82' lang='lat' dir='ltr'>postea</span> <span class='ocrx_word' id='word_1_295' title='bbox 257 4411 386 4478; x_wconf 89' lang='lat' dir='ltr'>salutari</span> <span class='ocrx_word' id='word_1_296' title='bbox 403 4437 516 4499; x_wconf 89' lang='lat' dir='ltr'>passus</span> <span class='ocrx_word' id='word_1_297' title='bbox 533 4437 634 4498; x_wconf 91' lang='lat' dir='ltr'>neque</span> <span class='ocrx_word' id='word_1_298' title='bbox 651 4415 684 4479; x_wconf 94' lang='lat' dir='ltr'>in</span> <span class='ocrx_word' id='word_1_299' title='bbox 701 4414 825 4492; x_wconf 86' lang='lat' dir='ltr'>litteris,</span> <span class='ocrx_word' id='word_1_300' title='bbox 852 4437 931 4498; x_wconf 88' lang='lat' dir='ltr'>quas</span> <span class='ocrx_word' id='word_1_301' title='bbox 954 4416 1089 4482; x_wconf 91' lang='lat' dir='ltr'>scribere</span> <span class='ocrx_word' id='word_1_302' title='bbox 1106 4425 1154 4479; x_wconf 90' lang='lat' dir='ltr'>est</span> 
     </span>
     <span class='ocr_line' id='line_1_40' title="bbox 136 4503 1153 4594; baseline 0 -25"><span class='ocrx_word' id='word_1_303' title='bbox 136 4503 256 4583; x_wconf 82' lang='lat' dir='ltr'>solitus,</span> <span class='ocrx_word' id='word_1_304' title='bbox 282 4529 383 4591; x_wconf 90' lang='lat' dir='ltr'>neque</span> <span class='ocrx_word' id='word_1_305' title='bbox 405 4508 439 4572; x_wconf 89' lang='lat' dir='ltr'>in</span> <span class='ocrx_word' id='word_1_306' title='bbox 460 4507 600 4573; x_wconf 84' lang='lat' dir='ltr'>fascibus</span> <span class='ocrx_word' id='word_1_307' title='bbox 622 4509 757 4593; x_wconf 85' lang='lat' dir='ltr'>insignia</span> <span class='ocrx_word' id='word_1_308' title='bbox 777 4507 901 4574; x_wconf 88' lang='lat' dir='ltr'>laurcac</span> <span class='ocrx_word' id='word_1_309' title='bbox 922 4509 1077 4594; x_wconf 88' lang='lat' dir='ltr'>praetulit.</span> <span class='ocrx_word' id='word_1_310' title='bbox 1121 4516 1153 4570; x_wconf 91' lang='lat' dir='ltr'>at</span> 
     </span>
    </p>
   </div>
   <div class='ocr_carea' id='block_1_3' title="bbox 136 4596 1153 4689">
    <p class='ocr_par' dir='ltr' id='par_1_3' title="bbox 136 4596 1153 4689">
     <span class='ocr_line' id='line_1_41' title="bbox 136 4596 1153 4689; baseline 0 -26"><span class='ocrx_word' id='word_1_311' title='bbox 136 4596 305 4678; x_wconf 81' lang='lat' dir='ltr'>Labienus,</span> <span class='ocrx_word' id='word_1_312' title='bbox 323 4623 395 4667; x_wconf 90' lang='lat' dir='ltr'>eum</span> <span class='ocrx_word' id='word_1_313' title='bbox 412 4602 452 4669; x_wconf 91' lang='lat' dir='ltr'>ab</span> <span class='ocrx_word' id='word_1_314' title='bbox 472 4626 508 4669; x_wconf 92' lang='lat' dir='ltr'>eo</span> <span class='ocrx_word' id='word_1_315' title='bbox 526 4603 767 4689; x_wconf 84' lang='lat' dir='ltr'>impetravisset,</span> <span class='ocrx_word' id='word_1_316' title='bbox 786 4616 821 4669; x_wconf 92' lang='lat' dir='ltr'>ut</span> <span class='ocrx_word' id='word_1_317' title='bbox 839 4603 898 4670; x_wconf 94' lang='lat' dir='ltr'>sibi</span> <span class='ocrx_word' id='word_1_318' title='bbox 916 4603 1055 4689; x_wconf 88' lang='lat' dir='ltr'>captivos</span> <span class='ocrx_word' id='word_1_319' title='bbox 1073 4600 1153 4665; x_wconf 90' lang='lat' dir='ltr'>tradi</span> 
     </span>
    </p>
   </div>
   <div class='ocr_carea' id='block_1_4' title="bbox 0 0 1350 5206">
    <p class='ocr_par' dir='ltr' id='par_1_4' title="bbox 0 0 1350 5206">
     <span class='ocr_line' id='line_1_42' title="bbox 0 0 1350 5206; baseline 0 0"><span class='ocrx_word' id='word_1_320' title='bbox 0 0 1350 5206; x_wconf 95' lang='lat' dir='ltr'> </span> 
     </span>
    </p>
   </div>
  </div>
 </body>
</html>
