2738 5272
273 810 337 876 274
623 820 674 875 DE
692 815 816 874 BELLO
835 814 951 874 clvnn

207 920 256 1016 el
338 945 387 1011 Re
404 943 608 1009 frumentaria
623 951 806 1027 praeparata
823 939 1074 1023 confirmatisque
1096 939 1250 1006 militibus
1271 956 1306 1007 et

274 1040 350 1106 satis
367 1040 462 1126 longo
481 1039 581 1124 spatio
599 1036 746 1122 temporis
768 1059 788 1100 a
804 1034 1032 1120 Dyrrhachinis
1054 1034 1179 1119 proeliis
1204 1036 1306 1101 inter-

274 1134 381 1211 misso,
399 1155 462 1218 quo
480 1133 557 1198 satis
574 1141 771 1216 perspectum
784 1128 899 1194 babere
912 1127 1045 1193 militum
1058 1128 1196 1192 animum
1211 1130 1305 1195 vide-

273 1237 366 1305 retur,
385 1225 599 1312 temptandum
614 1223 734 1289 Caesar
747 1222 945 1300 existimavit,
962 1222 1112 1306 quidnam
1124 1221 1303 1307 Pompeius

273 1321 426 1406 propositi
448 1329 503 1385 aut
524 1319 691 1384 voluntatis
714 1318 754 1381 ad
776 1317 988 1381 dimicandum
1008 1313 1145 1380 haberet.
1191 1317 1302 1401 itaque

274 1437 314 1477 ex
331 1415 440 1478 castris
459 1413 629 1477 exereitum
646 1411 754 1474 eduxit
767 1411 927 1493 aciemque
940 1410 1096 1486 instruxit,
1114 1408 1215 1494 primo
1230 1411 1302 1475 suis

273 1509 350 1573 locis
376 1508 531 1593 pauloque
558 1530 578 1570 a
603 1505 711 1570 castris
738 1503 870 1590 Pompei
895 1504 1034 1590 longius,
1066 1505 1301 1570 continentibus

273 1625 348 1668 vero
370 1601 494 1679 diebus,
520 1611 555 1665 ut
576 1600 813 1686 progrederetur
838 1622 857 1663 a
879 1598 988 1663 eastris
1015 1598 1081 1663 suis
1104 1598 1302 1683 collibusque

273 1695 474 1781 Pompeianis
496 1695 596 1759 aciem
617 1693 780 1759 subiceret.
819 1714 971 1777 quaeres
993 1693 1110 1756 indies
1133 1693 1303 1757 confirma-

275 1791 384 1854 tiorem
407 1790 474 1853 eius
497 1788 668 1853 exercitum
690 1785 854 1852 efficiebat
891 1786 1033 1871 superius
1052 1795 1155 1850 tamen
1173 1787 1303 1851 institn-

274 1895 341 1947 tum
366 1883 400 1954 in
425 1882 594 1966 equitibus,
626 1882 710 1964 quod
735 1881 1030 1957 demonstravimus,
1062 1879 1220 1958 servabat,
1253 1898 1301 1960 ut,

273 1977 420 2060 quoniam
438 1997 566 2040 numero
584 1975 689 2039 multis
706 1974 846 2059 partibus
864 1985 949 2039 esset
960 1974 1096 2049 inferior,
1115 1974 1303 2041 adulescen-

275 2081 322 2135 tes
344 2081 437 2154 atque
459 2069 620 2154 expeditos
642 2091 682 2132 ex
704 2069 915 2154 antesignanis
938 2069 1044 2133 electis
1067 2069 1107 2133 ad
1132 2069 1303 2153 pemicita-

276 2174 339 2227 tem
364 2163 458 2226 armis
484 2163 564 2226 inter
590 2162 709 2245 equites
738 2163 881 2246 proeliari
907 2160 1040 2240 iuberet,
1067 2163 1120 2246 qui
1142 2162 1303 2228 cotidiana

278 2255 501 2320 consuetudine
522 2278 615 2321 usum
637 2277 761 2338 quoqne
783 2256 850 2319 eius
873 2256 996 2341 generis
1018 2255 1203 2341 proeliorum
1227 2279 1302 2340 per·

275 2349 421 2433 ciperent.
458 2348 506 2412 his
526 2360 591 2412 erat
608 2348 701 2413 rebus
720 2349 875 2425 effectum,
895 2361 928 2412 nt
947 2349 1086 2433 equitum
1100 2348 1182 2412 mille
1201 2355 1300 2414 etiam

275 2441 479 2526 apertioribus
505 2441 583 2506 loeis
611 2441 677 2506 VH
702 2442 821 2505 milium
845 2441 1109 2527 Pompeianorum
1134 2443 1299 2527 impetum,

276 2556 347 2599 eum
373 2536 497 2600 adesset
518 2559 609 2613 usus,
638 2537 789 2601 sustinere
813 2537 962 2600 auderent
985 2559 1086 2620 neque
1108 2560 1300 2623 magnopere

275 2652 384 2694 eorum
409 2630 606 2694 multitudine
633 2640 827 2694 terrerentur.
876 2654 1010 2713 namque
1043 2633 1136 2694 etiam
1161 2654 1218 2716 per
1244 2655 1299 2696 cos

275 2724 342 2789 dies
359 2725 509 2809 proelium
528 2724 699 2789 secundum
721 2736 866 2807 equestre
888 2724 962 2787 secit
983 2735 1076 2807 atque
1094 2747 1190 2789 unum
1208 2724 1301 2790 Allo-

276 2816 404 2905 brogem
424 2841 464 2883 ex
482 2818 619 2896 duobus,
647 2841 725 2903 quos
742 2818 919 2903 perfugisse
942 2818 982 2881 ad
999 2818 1184 2903 Pompeium
1204 2842 1301 2904 supra

226 2931 257 2980 85
276 2913 448 2989 docuimus,
463 2936 534 2977 cum
548 2912 735 2997 quibusdam
749 2913 910 2977 interfecit.
938 2912 1117 2998 Pompeius,
1132 2915 1186 2998 qui
1195 2927 1300 2978 castra

275 3006 307 3069 in
326 3007 403 3071 colle
420 3006 565 3083 habebat,
584 3007 624 3070 ad
642 3006 764 3069 infimas
777 3007 896 3070 radices
915 3007 1030 3070 montis
1049 3008 1146 3071 aciem
1164 3008 1299 3071 instrue-

275 3098 329 3164 bat
347 3122 477 3184 semper,
497 3109 531 3163 ut
550 3099 719 3176 videbatur,
739 3111 933 3184 exspectem,
953 3101 980 3163 si
997 3100 1111 3184 iniquis
1123 3101 1201 3166 loeis
1216 3101 1300 3167 Cae-

276 3215 327 3255 sar
348 3214 382 3256 se
404 3192 567 3256 subiceret.
613 3192 731 3257 Caesar
756 3193 842 3256 nulla
863 3194 981 3258 ratione
1003 3195 1043 3258 ad
1065 3217 1204 3280 pugnam
1228 3196 1298 3259 elici

274 3305 369 3367 posse
395 3283 580 3369 Pompeium
607 3286 787 3351 existimans
813 3285 894 3350 hanc
921 3285 980 3351 sibi
1012 3288 1297 3353 commodissimam

275 3375 349 3441 belli
374 3377 523 3441 rationem
552 3377 715 3456 iudicavit,
743 3380 789 3442 uti
816 3391 917 3444 castra
943 3403 982 3444 ex
1009 3403 1046 3445 eo
1067 3381 1298 3446 locomoveret

276 3492 458 3556 semperque
476 3483 559 3536 esset
576 3472 609 3534 in
626 3472 796 3549 itineribus,
815 3473 893 3538 haee
911 3484 1065 3558 spectans,
1084 3486 1119 3538 ut
1132 3477 1297 3540 movendis

275 3566 384 3629 castris
401 3565 604 3650 pluribusque
622 3567 773 3631 adeundis
789 3567 867 3632 loeis
886 3569 1094 3633 commodiore
1112 3591 1144 3633 re
1158 3569 1298 3633 frumen-

275 3659 352 3723 taria
369 3670 519 3735 uteretur,
544 3659 697 3743 simulque
714 3661 747 3723 in
765 3659 873 3725 itinere
891 3672 925 3723 ut
943 3661 1077 3744 aliquam
1100 3663 1298 3727 occasionem

275 3753 441 3817 dimicandi
462 3753 692 3818 nancisceretur
713 3764 744 3818 et
767 3755 923 3819 insolitum
946 3757 986 3819 ad
1007 3754 1146 3820 laborem
1164 3755 1298 3842 Pompei

275 3848 443 3912 exercitum
460 3847 622 3912 cotidianis
640 3847 800 3912 itineribus
821 3848 1013 3933 defatigaret,
1049 3849 1098 3913 his
1120 3850 1297 3914 constitutis

275 3940 368 4005 rebus
388 3940 477 4026 signo
494 3941 556 4004 iam
574 3940 775 4025 profectionis
789 3943 861 4006 dato
876 3942 1144 4026 tabernaculisque
1158 3945 1297 4008 detensis

275 4034 524 4098 animadversum
547 4045 595 4099 cst
620 4034 714 4119 paulo
740 4046 811 4099 ante
838 4047 926 4100 extra
952 4037 1138 4101 cotidianam
1166 4060 1299 4102 consue-

276 4128 415 4192 tudinem
437 4127 564 4213 longius
586 4151 606 4191 a
627 4128 709 4192 vallo
727 4150 796 4193 esse
814 4130 913 4193 aciem
931 4129 1063 4214 Pompei
1084 4153 1297 4217 progressam,

276 4233 388 4286 utnon
406 4222 512 4305 iniquo
528 4222 597 4286 loco
615 4244 708 4306 posse
728 4223 867 4287 dimicari
885 4224 1049 4289 videretur.
1085 4236 1159 4289 tune
1178 4224 1299 4291 Caesar

276 4315 360 4397 apud
377 4338 465 4391 suos,
489 4337 560 4379 cum
578 4315 640 4378 iam
658 4327 741 4382 esset
759 4339 872 4402 agmen
890 4318 921 4381 in
939 4319 1051 4403 portis,
1075 4319 1298 4384 ‘differendum

276 4406 347 4482 cst,'
373 4408 485 4491 inquit,
514 4410 585 4474 ‘iter
601 4409 633 4472 in
650 4411 827 4495 praesentia
847 4411 938 4477 nobis
961 4423 992 4477 et
1013 4412 1053 4477 de
1074 4413 1194 4497 proelio
1212 4414 1299 4498 cogi·

276 4499 419 4578 tandum,
451 4502 529 4565 sicut
556 4525 679 4587 semper
704 4505 951 4590 depoposeimus.
998 4506 1101 4573 animo
1131 4507 1230 4573 simus
1257 4506 1299 4571 ad
