<?xml version="1.0" encoding="UTF-8"?>
<!DOCTYPE html PUBLIC "-//W3C//DTD XHTML 1.0 Transitional//EN"
    "http://www.w3.org/TR/xhtml1/DTD/xhtml1-transitional.dtd">
<html xmlns="http://www.w3.org/1999/xhtml" xml:lang="en" lang="en">
 <head>
  <title>
</title>
<meta http-equiv="Content-Type" content="text/html;charset=utf-8" />
  <meta name='ocr-system' content='tesseract 3.04.00' />
  <meta name='ocr-capabilities' content='ocr_page ocr_carea ocr_par ocr_line ocrx_word'/>
</head>
<body>
  <div class='ocr_page' id='page_1' title='image "./ciuliicaesarisc03krangoog_0431.png"; bbox 0 0 2692 5206; ppageno 0'>
   <div class='ocr_carea' id='block_1_1' title="bbox 80 554 1116 856">
    <p class='ocr_par' dir='ltr' id='par_1_1' title="bbox 80 554 1116 856">
     <span class='ocr_line' id='line_1_1' title="bbox 80 554 1116 856; baseline -0.01 -27"><span class='ocrx_word' id='word_1_1' title='bbox 80 554 89 856; x_wconf 85' lang='lat' dir='ltr'>l</span> <span class='ocrx_word' id='word_1_2' title='bbox 472 770 600 825; x_wconf 79' lang='lat' dir='ltr'>caeu&#39;r</span> <span class='ocrx_word' id='word_1_3' title='bbox 620 769 738 823; x_wconf 70' lang='lat' dir='ltr'>u-as.</span> <span class='ocrx_word' id='word_1_4' title='bbox 1053 758 1116 821; x_wconf 77' lang='lat'>359</span> 
     </span>
    </p>
   </div>
   <div class='ocr_carea' id='block_1_2' title="bbox 80 887 1164 4627">
    <p class='ocr_par' dir='ltr' id='par_1_2' title="bbox 80 887 1164 4627">
     <span class='ocr_line' id='line_1_2' title="bbox 137 887 1115 975; baseline 0.004 -24"><span class='ocrx_word' id='word_1_5' title='bbox 137 888 211 953; x_wconf 76' lang='lat' dir='ltr'>timuis</span> <span class='ocrx_word' id='word_1_6' title='bbox 225 915 346 955; x_wconf 89' lang='lat' dir='ltr'>suorum</span> <span class='ocrx_word' id='word_1_7' title='bbox 366 891 524 975; x_wconf 73' lang='lat' dir='ltr'>suppetias</span> <span class='ocrx_word' id='word_1_8' title='bbox 544 891 645 954; x_wconf 89' lang='lat' dir='ltr'>mittit.</span> <span class='ocrx_word' id='word_1_9' title='bbox 690 902 756 953; x_wconf 93' lang='lat' dir='ltr'>tum</span> <span class='ocrx_word' id='word_1_10' title='bbox 775 887 935 954; x_wconf 89' lang='lat' dir='ltr'>Labienus</span> <span class='ocrx_word' id='word_1_11' title='bbox 958 893 1115 955; x_wconf 85' lang='lat' dir='ltr'>conversis</span> 
     </span>
     <span class='ocr_line' id='line_1_3' title="bbox 138 983 1115 1071; baseline 0.005 -28"><span class='ocrx_word' id='word_1_12' title='bbox 138 983 196 1063; x_wconf 74' lang='lat' dir='ltr'>apia</span> <span class='ocrx_word' id='word_1_13' title='bbox 216 986 370 1069; x_wconf 88' lang='lat' dir='ltr'>signorum</span> <span class='ocrx_word' id='word_1_14' title='bbox 397 998 566 1069; x_wconf 68' lang='lat' dir='ltr'>adinspectu</span> <span class='ocrx_word' id='word_1_15' title='bbox 592 984 771 1067; x_wconf 87' lang='lat' dir='ltr'>perterritus</span> <span class='ocrx_word' id='word_1_16' title='bbox 803 983 979 1067; x_wconf 84' lang='lat' dir='ltr'>turpissime</span> <span class='ocrx_word' id='word_1_17' title='bbox 1007 986 1115 1071; x_wconf 85' lang='lat' dir='ltr'>sugere</span> 
     </span>
     <span class='ocr_line' id='line_1_4' title="bbox 135 1075 1116 1161; baseline 0.005 -24"><span class='ocrx_word' id='word_1_18' title='bbox 135 1079 260 1141; x_wconf 84' lang='lat' dir='ltr'>contendit.</span> <span class='ocrx_word' id='word_1_19' title='bbox 295 1078 487 1141; x_wconf 82' lang='lat' dir='ltr'>multiscius</span> <span class='ocrx_word' id='word_1_20' title='bbox 506 1077 627 1153; x_wconf 89' lang='lat' dir='ltr'>occisis,</span> <span class='ocrx_word' id='word_1_21' title='bbox 647 1075 857 1161; x_wconf 82' lang='lat' dir='ltr'>compluribus</span> <span class='ocrx_word' id='word_1_22' title='bbox 877 1077 1044 1142; x_wconf 82' lang='lat' dir='ltr'>vulneratis</span> <span class='ocrx_word' id='word_1_23' title='bbox 1058 1080 1116 1142; x_wconf 91' lang='lat' dir='ltr'>mi-</span> 
     </span>
     <span class='ocr_line' id='line_1_5' title="bbox 131 1168 1115 1257; baseline 0.003 -25"><span class='ocrx_word' id='word_1_24' title='bbox 131 1168 178 1233; x_wconf 89' lang='lat' dir='ltr'>ltes</span> <span class='ocrx_word' id='word_1_25' title='bbox 196 1171 347 1257; x_wconf 86' lang='lat' dir='ltr'>legionarii</span> <span class='ocrx_word' id='word_1_26' title='bbox 374 1172 414 1235; x_wconf 78' lang='lat' dir='ltr'>acl</span> <span class='ocrx_word' id='word_1_27' title='bbox 437 1194 494 1235; x_wconf 89' lang='lat' dir='ltr'>sua</span> <span class='ocrx_word' id='word_1_28' title='bbox 516 1194 551 1235; x_wconf 82' lang='lat' dir='ltr'>se</span> <span class='ocrx_word' id='word_1_29' title='bbox 577 1170 729 1255; x_wconf 88' lang='lat' dir='ltr'>recipiunt</span> <span class='ocrx_word' id='word_1_30' title='bbox 754 1170 845 1254; x_wconf 87' lang='lat' dir='ltr'>signa</span> <span class='ocrx_word' id='word_1_31' title='bbox 871 1181 964 1251; x_wconf 88' lang='lat' dir='ltr'>atque</span> <span class='ocrx_word' id='word_1_32' title='bbox 991 1172 1048 1235; x_wconf 87' lang='lat' dir='ltr'>iter</span> <span class='ocrx_word' id='word_1_33' title='bbox 1069 1173 1115 1235; x_wconf 92' lang='lat' dir='ltr'>in-</span> 
     </span>
     <span class='ocr_line' id='line_1_6' title="bbox 130 1264 1114 1349; baseline 0.004 -24"><span class='ocrx_word' id='word_1_34' title='bbox 130 1278 218 1347; x_wconf 83' lang='lat' dir='ltr'>ceptum</span> <span class='ocrx_word' id='word_1_35' title='bbox 231 1266 273 1329; x_wconf 94' lang='lat' dir='ltr'>ire</span> <span class='ocrx_word' id='word_1_36' title='bbox 286 1279 463 1349; x_wconf 85' lang='lat' dir='ltr'>coeperunt.</span> <span class='ocrx_word' id='word_1_37' title='bbox 491 1264 653 1328; x_wconf 73' lang='lat' dir='ltr'>Labienus</span> <span class='ocrx_word' id='word_1_38' title='bbox 668 1286 724 1347; x_wconf 84' lang='lat' dir='ltr'>per</span> <span class='ocrx_word' id='word_1_39' title='bbox 737 1264 846 1349; x_wconf 91' lang='lat' dir='ltr'>iugum</span> <span class='ocrx_word' id='word_1_40' title='bbox 861 1286 1017 1327; x_wconf 86' lang='lat' dir='ltr'>summum</span> <span class='ocrx_word' id='word_1_41' title='bbox 1027 1266 1114 1329; x_wconf 89' lang='lat' dir='ltr'>collis</span> 
     </span>
     <span class='ocr_line' id='line_1_7' title="bbox 129 1356 1164 1443; baseline 0.004 -26"><span class='ocrx_word' id='word_1_42' title='bbox 129 1356 270 1423; x_wconf 70' lang='lat' dir='ltr'>dextrorsus</span> <span class='ocrx_word' id='word_1_43' title='bbox 288 1359 396 1443; x_wconf 87' lang='lat' dir='ltr'>procul</span> <span class='ocrx_word' id='word_1_44' title='bbox 414 1358 564 1441; x_wconf 83' lang='lat' dir='ltr'>subsequi</span> <span class='ocrx_word' id='word_1_45' title='bbox 582 1380 643 1421; x_wconf 93' lang='lat' dir='ltr'>non</span> <span class='ocrx_word' id='word_1_46' title='bbox 658 1357 789 1421; x_wconf 86' lang='lat' dir='ltr'>desistit.</span> <span class='ocrx_word' id='word_1_47' title='bbox 817 1370 982 1440; x_wconf 82' lang='lat' dir='ltr'>postquam</span> <span class='ocrx_word' id='word_1_48' title='bbox 997 1356 1115 1423; x_wconf 81' lang='lat' dir='ltr'>Caesar</span> <span class='ocrx_word' id='word_1_49' title='bbox 1134 1382 1164 1395; x_wconf 72' lang='grc'>’-</span> 
     </span>
     <span class='ocr_line' id='line_1_8' title="bbox 128 1450 1114 1535; baseline 0.004 -22"><span class='ocrx_word' id='word_1_50' title='bbox 128 1450 307 1535; x_wconf 80' lang='lat' dir='ltr'>adoppidum</span> <span class='ocrx_word' id='word_1_51' title='bbox 335 1452 501 1515; x_wconf 74' lang='lat' dir='ltr'>Sarsuram</span> <span class='ocrx_word' id='word_1_52' title='bbox 527 1452 625 1527; x_wconf 75' lang='lat' dir='ltr'>venit,</span> <span class='ocrx_word' id='word_1_53' title='bbox 657 1450 902 1535; x_wconf 82' lang='lat' dir='ltr'>inspectantibus</span> <span class='ocrx_word' id='word_1_54' title='bbox 929 1452 1114 1517; x_wconf 85' lang='lat' dir='ltr'>adversariis</span> 
     </span>
     <span class='ocr_line' id='line_1_9' title="bbox 127 1542 1114 1629; baseline 0.006 -24"><span class='ocrx_word' id='word_1_55' title='bbox 127 1542 253 1609; x_wconf 85' lang='lat' dir='ltr'>irterleeto</span> <span class='ocrx_word' id='word_1_56' title='bbox 278 1545 435 1629; x_wconf 87' lang='lat' dir='ltr'>praesidio</span> <span class='ocrx_word' id='word_1_57' title='bbox 462 1545 634 1628; x_wconf 83' lang='lat' dir='ltr'>Scipionis,</span> <span class='ocrx_word' id='word_1_58' title='bbox 666 1568 738 1607; x_wconf 89' lang='lat' dir='ltr'>cum</span> <span class='ocrx_word' id='word_1_59' title='bbox 766 1544 831 1607; x_wconf 89' lang='lat' dir='ltr'>suis</span> <span class='ocrx_word' id='word_1_60' title='bbox 858 1545 1007 1607; x_wconf 87' lang='lat' dir='ltr'>auxiliuru</span> <span class='ocrx_word' id='word_1_61' title='bbox 1034 1546 1114 1611; x_wconf 87' lang='lat' dir='ltr'>ferre</span> 
     </span>
     <span class='ocr_line' id='line_1_10' title="bbox 127 1636 1115 1723; baseline 0.002 -24"><span class='ocrx_word' id='word_1_62' title='bbox 127 1658 167 1700; x_wconf 86' lang='lat' dir='ltr'>uon</span> <span class='ocrx_word' id='word_1_63' title='bbox 188 1640 344 1716; x_wconf 89' lang='lat' dir='ltr'>auderent,</span> <span class='ocrx_word' id='word_1_64' title='bbox 372 1640 493 1702; x_wconf 81' lang='lat' dir='ltr'>lbrtiter</span> <span class='ocrx_word' id='word_1_65' title='bbox 519 1656 711 1723; x_wconf 85' lang='lat' dir='ltr'>repugnante</span> <span class='ocrx_word' id='word_1_66' title='bbox 738 1637 775 1700; x_wconf 83' lang='lat' dir='ltr'>P.</span> <span class='ocrx_word' id='word_1_67' title='bbox 800 1636 959 1713; x_wconf 82' lang='lat' dir='ltr'>Cornelio,</span> <span class='ocrx_word' id='word_1_68' title='bbox 987 1658 1115 1703; x_wconf 81' lang='lat' dir='ltr'>evocato</span> 
     </span>
     <span class='ocr_line' id='line_1_11' title="bbox 128 1726 1115 1816; baseline 0.002 -23"><span class='ocrx_word' id='word_1_69' title='bbox 128 1726 263 1815; x_wconf 73' lang='lat' dir='ltr'>Silpionis,</span> <span class='ocrx_word' id='word_1_70' title='bbox 289 1733 343 1815; x_wconf 92' lang='lat' dir='ltr'>qui</span> <span class='ocrx_word' id='word_1_71' title='bbox 367 1732 409 1795; x_wconf 91' lang='lat' dir='ltr'>ibi</span> <span class='ocrx_word' id='word_1_72' title='bbox 427 1750 582 1816; x_wconf 85' lang='lat' dir='ltr'>praeerat,</span> <span class='ocrx_word' id='word_1_73' title='bbox 609 1744 702 1813; x_wconf 90' lang='lat' dir='ltr'>atque</span> <span class='ocrx_word' id='word_1_74' title='bbox 725 1754 743 1795; x_wconf 89' lang='lat' dir='ltr'>a</span> <span class='ocrx_word' id='word_1_75' title='bbox 766 1731 962 1796; x_wconf 90' lang='lat' dir='ltr'>multitudine</span> <span class='ocrx_word' id='word_1_76' title='bbox 985 1733 1115 1797; x_wconf 88' lang='lat' dir='ltr'>circum-</span> 
     </span>
     <span class='ocr_line' id='line_1_12' title="bbox 128 1825 1115 1911; baseline 0.008 -28"><span class='ocrx_word' id='word_1_77' title='bbox 128 1836 192 1889; x_wconf 85' lang='lat' dir='ltr'>rento</span> <span class='ocrx_word' id='word_1_78' title='bbox 206 1828 428 1909; x_wconf 75' lang='lat' dir='ltr'>interfectoque</span> <span class='ocrx_word' id='word_1_79' title='bbox 446 1827 561 1911; x_wconf 88' lang='lat' dir='ltr'>oppido</span> <span class='ocrx_word' id='word_1_80' title='bbox 579 1826 693 1909; x_wconf 88' lang='lat' dir='ltr'>potitur</span> <span class='ocrx_word' id='word_1_81' title='bbox 715 1836 808 1907; x_wconf 89' lang='lat' dir='ltr'>atque</span> <span class='ocrx_word' id='word_1_82' title='bbox 826 1825 869 1889; x_wconf 91' lang='lat' dir='ltr'>ibi</span> <span class='ocrx_word' id='word_1_83' title='bbox 889 1825 1044 1891; x_wconf 86' lang='lat' dir='ltr'>l&#39;rumeuto</span> <span class='ocrx_word' id='word_1_84' title='bbox 1062 1828 1115 1891; x_wconf 83' lang='lat' dir='ltr'>ex&#39;-</span> 
     </span>
     <span class='ocr_line' id='line_1_13' title="bbox 127 1919 1113 2005; baseline 0.004 -25"><span class='ocrx_word' id='word_1_85' title='bbox 127 1920 203 1984; x_wconf 84' lang='lat' dir='ltr'>ercitui</span> <span class='ocrx_word' id='word_1_86' title='bbox 223 1922 295 1985; x_wconf 88' lang='lat' dir='ltr'>dato</span> <span class='ocrx_word' id='word_1_87' title='bbox 316 1935 443 2005; x_wconf 88' lang='lat' dir='ltr'>postero</span> <span class='ocrx_word' id='word_1_88' title='bbox 466 1922 516 1984; x_wconf 85' lang='lat' dir='ltr'>die</span> <span class='ocrx_word' id='word_1_89' title='bbox 539 1921 579 1984; x_wconf 83' lang='lat' dir='ltr'>atl</span> <span class='ocrx_word' id='word_1_90' title='bbox 601 1920 750 2005; x_wconf 87' lang='lat' dir='ltr'>oppidum</span> <span class='ocrx_word' id='word_1_91' title='bbox 769 1919 936 1981; x_wconf 80' lang='lat' dir='ltr'>&#39;lliistlram</span> <span class='ocrx_word' id='word_1_92' title='bbox 960 1922 1113 2004; x_wconf 81' lang='lat' dir='ltr'>pervenit3</span> 
     </span>
     <span class='ocr_line' id='line_1_14' title="bbox 128 2010 1114 2099; baseline 0.005 -26"><span class='ocrx_word' id='word_1_93' title='bbox 128 2010 207 2095; x_wconf 88' lang='lat' dir='ltr'>inquo</span> <span class='ocrx_word' id='word_1_94' title='bbox 225 2016 394 2079; x_wconf 70' lang='lat' dir='ltr'>Considius</span> <span class='ocrx_word' id='word_1_95' title='bbox 416 2038 472 2099; x_wconf 92' lang='lat' dir='ltr'>per</span> <span class='ocrx_word' id='word_1_96' title='bbox 489 2016 521 2078; x_wconf 89' lang='lat' dir='ltr'>itl</span> <span class='ocrx_word' id='word_1_97' title='bbox 540 2028 662 2098; x_wconf 90' lang='lat' dir='ltr'>tempus</span> <span class='ocrx_word' id='word_1_98' title='bbox 681 2014 782 2076; x_wconf 84' lang='lat' dir='ltr'>litetat</span> <span class='ocrx_word' id='word_1_99' title='bbox 805 2035 876 2076; x_wconf 91' lang='lat' dir='ltr'>cum</span> <span class='ocrx_word' id='word_1_100' title='bbox 898 2014 1007 2097; x_wconf 86' lang='lat' dir='ltr'>grandi</span> <span class='ocrx_word' id='word_1_101' title='bbox 1026 2036 1114 2097; x_wconf 87' lang='lat' dir='ltr'>prac-</span> 
     </span>
     <span class='ocr_line' id='line_1_15' title="bbox 128 2104 1115 2193; baseline 0.004 -26"><span class='ocrx_word' id='word_1_102' title='bbox 128 2104 182 2169; x_wconf 76' lang='lat' dir='ltr'>sidio</span> <span class='ocrx_word' id='word_1_103' title='bbox 195 2108 378 2191; x_wconf 87' lang='lat' dir='ltr'>eohortequa</span> <span class='ocrx_word' id='word_1_104' title='bbox 400 2132 458 2171; x_wconf 87' lang='lat' dir='ltr'>sua</span> <span class='ocrx_word' id='word_1_105' title='bbox 479 2108 695 2193; x_wconf 85' lang='lat' dir='ltr'>gladiatmum.</span> <span class='ocrx_word' id='word_1_106' title='bbox 741 2106 859 2170; x_wconf 79' lang='lat' dir='ltr'>Caesar</span> <span class='ocrx_word' id='word_1_107' title='bbox 880 2107 986 2191; x_wconf 85' lang='lat' dir='ltr'>oppidi</span> <span class='ocrx_word' id='word_1_108' title='bbox 1004 2119 1115 2171; x_wconf 85' lang='lat' dir='ltr'>natura</span> 
     </span>
     <span class='ocr_line' id='line_1_16' title="bbox 129 2199 1113 2285; baseline 0.004 -24"><span class='ocrx_word' id='word_1_109' title='bbox 129 2216 255 2283; x_wconf 67' lang='lat' dir='ltr'>perspecta</span> <span class='ocrx_word' id='word_1_110' title='bbox 280 2225 379 2284; x_wconf 88' lang='lat' dir='ltr'>aquae</span> <span class='ocrx_word' id='word_1_111' title='bbox 406 2202 510 2285; x_wconf 91' lang='lat' dir='ltr'>iuopia</span> <span class='ocrx_word' id='word_1_112' title='bbox 536 2200 575 2265; x_wconf 90' lang='lat' dir='ltr'>ab</span> <span class='ocrx_word' id='word_1_113' title='bbox 602 2202 833 2285; x_wconf 86' lang='lat' dir='ltr'>oppugnatione</span> <span class='ocrx_word' id='word_1_114' title='bbox 856 2200 922 2262; x_wconf 91' lang='lat' dir='ltr'>eius</span> <span class='ocrx_word' id='word_1_115' title='bbox 949 2199 1113 2265; x_wconf 80' lang='lat' dir='ltr'>‹letenitus</span> 
     </span>
     <span class='ocr_line' id='line_1_17' title="bbox 129 2293 1115 2379; baseline 0.006 -26"><span class='ocrx_word' id='word_1_116' title='bbox 129 2294 235 2372; x_wconf 84' lang='lat' dir='ltr'>protinus</span> <span class='ocrx_word' id='word_1_117' title='bbox 252 2296 409 2379; x_wconf 80' lang='lat' dir='ltr'>profectus</span> <span class='ocrx_word' id='word_1_118' title='bbox 432 2296 552 2359; x_wconf 86' lang='lat' dir='ltr'>circiter</span> <span class='ocrx_word' id='word_1_119' title='bbox 574 2294 659 2357; x_wconf 87' lang='lat' dir='ltr'>milia</span> <span class='ocrx_word' id='word_1_120' title='bbox 680 2316 831 2378; x_wconf 88' lang='lat' dir='ltr'>passuum</span> <span class='ocrx_word' id='word_1_121' title='bbox 849 2293 918 2355; x_wconf 87' lang='lat' dir='ltr'>llll</span> <span class='ocrx_word' id='word_1_122' title='bbox 940 2294 980 2357; x_wconf 90' lang='lat' dir='ltr'>ad</span> <span class='ocrx_word' id='word_1_123' title='bbox 1001 2317 1115 2378; x_wconf 89' lang='lat' dir='ltr'>aquam</span> 
     </span>
     <span class='ocr_line' id='line_1_18' title="bbox 129 2382 1114 2471; baseline 0.008 -26"><span class='ocrx_word' id='word_1_124' title='bbox 129 2382 179 2447; x_wconf 83' lang='lat' dir='ltr'>iacit</span> <span class='ocrx_word' id='word_1_125' title='bbox 192 2408 286 2453; x_wconf 85' lang='lat' dir='ltr'>castra</span> <span class='ocrx_word' id='word_1_126' title='bbox 304 2400 396 2471; x_wconf 88' lang='lat' dir='ltr'>atque</span> <span class='ocrx_word' id='word_1_127' title='bbox 413 2389 485 2451; x_wconf 87' lang='lat' dir='ltr'>iude</span> <span class='ocrx_word' id='word_1_128' title='bbox 503 2389 553 2451; x_wconf 83' lang='lat' dir='ltr'>(lie</span> <span class='ocrx_word' id='word_1_129' title='bbox 571 2400 681 2471; x_wconf 74' lang='lat' dir='ltr'>‹qttrtrto</span> <span class='ocrx_word' id='word_1_130' title='bbox 699 2410 845 2471; x_wconf 88' lang='lat' dir='ltr'>egressus</span> <span class='ocrx_word' id='word_1_131' title='bbox 860 2388 937 2450; x_wconf 85' lang='lat' dir='ltr'>redit</span> <span class='ocrx_word' id='word_1_132' title='bbox 951 2410 1059 2453; x_wconf 85' lang='lat' dir='ltr'>rursus</span> <span class='ocrx_word' id='word_1_133' title='bbox 1073 2390 1114 2453; x_wconf 84' lang='lat' dir='ltr'>atl</span> 
     </span>
     <span class='ocr_line' id='line_1_19' title="bbox 129 2480 1114 2567; baseline 0 -22"><span class='ocrx_word' id='word_1_134' title='bbox 129 2496 154 2539; x_wconf 83' lang='lat' dir='ltr'>u</span> <span class='ocrx_word' id='word_1_135' title='bbox 168 2500 267 2558; x_wconf 84' lang='lat' dir='ltr'>eastra,</span> <span class='ocrx_word' id='word_1_136' title='bbox 295 2505 375 2565; x_wconf 73' lang='lat' dir='ltr'>quim</span> <span class='ocrx_word' id='word_1_137' title='bbox 401 2483 442 2546; x_wconf 83' lang='lat' dir='ltr'>atl</span> <span class='ocrx_word' id='word_1_138' title='bbox 463 2482 576 2567; x_wconf 77' lang='lat' dir='ltr'>Aggar</span> <span class='ocrx_word' id='word_1_139' title='bbox 602 2481 761 2545; x_wconf 86' lang='lat' dir='ltr'>lmbaerat.</span> <span class='ocrx_word' id='word_1_140' title='bbox 806 2481 887 2544; x_wconf 80' lang='lat' dir='ltr'>itlem</span> <span class='ocrx_word' id='word_1_141' title='bbox 909 2482 984 2545; x_wconf 87' lang='lat' dir='ltr'>l&#39;acit</span> <span class='ocrx_word' id='word_1_142' title='bbox 1008 2480 1114 2567; x_wconf 86' lang='lat' dir='ltr'>Scipio</span> 
     </span>
     <span class='ocr_line' id='line_1_20' title="bbox 80 2574 1146 2660; baseline 0.004 -25"><span class='ocrx_word' id='word_1_143' title='bbox 80 2586 83 2593; x_wconf 88' lang='grc'><strong>“</strong></span> <span class='ocrx_word' id='word_1_144' title='bbox 129 2577 236 2654; x_wconf 75' lang='lat' dir='ltr'>quein</span> <span class='ocrx_word' id='word_1_145' title='bbox 253 2577 379 2659; x_wconf 88' lang='lat' dir='ltr'>antiqua</span> <span class='ocrx_word' id='word_1_146' title='bbox 401 2592 502 2640; x_wconf 88' lang='lat' dir='ltr'>castra</span> <span class='ocrx_word' id='word_1_147' title='bbox 524 2576 630 2660; x_wconf 85' lang='lat' dir='ltr'>copias</span> <span class='ocrx_word' id='word_1_148' title='bbox 653 2575 780 2638; x_wconf 88' lang='lat' dir='ltr'>reducit.</span> <span class='ocrx_word' id='word_1_149' title='bbox 825 2574 1048 2641; x_wconf 84' lang='lat' dir='ltr'>Tliabenenses</span> <span class='ocrx_word' id='word_1_150' title='bbox 1067 2578 1146 2640; x_wconf 76' lang='lat' dir='ltr'>in-&#39;</span> 
     </span>
     <span class='ocr_line' id='line_1_21' title="bbox 130 2666 1113 2752; baseline 0.002 -21"><span class='ocrx_word' id='word_1_151' title='bbox 130 2666 198 2743; x_wconf 63' lang='lat' dir='ltr'>utin,</span> <span class='ocrx_word' id='word_1_152' title='bbox 213 2670 264 2752; x_wconf 93' lang='lat' dir='ltr'>qui</span> <span class='ocrx_word' id='word_1_153' title='bbox 283 2669 342 2734; x_wconf 88' lang='lat' dir='ltr'>sub</span> <span class='ocrx_word' id='word_1_154' title='bbox 360 2670 481 2733; x_wconf 89' lang='lat' dir='ltr'>dicione</span> <span class='ocrx_word' id='word_1_155' title='bbox 495 2681 526 2733; x_wconf 91' lang='lat' dir='ltr'>et</span> <span class='ocrx_word' id='word_1_156' title='bbox 540 2680 691 2752; x_wconf 83' lang='lat' dir='ltr'>potestate</span> <span class='ocrx_word' id='word_1_157' title='bbox 704 2668 802 2732; x_wconf 84' lang='lat' dir='ltr'>lubae</span> <span class='ocrx_word' id='word_1_158' title='bbox 817 2692 886 2731; x_wconf 88' lang='lat' dir='ltr'>csse</span> <span class='ocrx_word' id='word_1_159' title='bbox 901 2685 1113 2747; x_wconf 84' lang='lat' dir='ltr'>consuessent,</span> 
     </span>
     <span class='ocr_line' id='line_1_22' title="bbox 129 2752 1114 2849; baseline 0.006 -27"><span class='ocrx_word' id='word_1_160' title='bbox 129 2752 289 2827; x_wconf 84' lang='lat' dir='ltr'>inextrema</span> <span class='ocrx_word' id='word_1_161' title='bbox 311 2764 378 2827; x_wconf 91' lang='lat' dir='ltr'>cius</span> <span class='ocrx_word' id='word_1_162' title='bbox 400 2764 488 2849; x_wconf 86' lang='lat' dir='ltr'>regni</span> <span class='ocrx_word' id='word_1_163' title='bbox 510 2764 636 2847; x_wconf 89' lang='lat' dir='ltr'>regione</span> <span class='ocrx_word' id='word_1_164' title='bbox 662 2762 816 2825; x_wconf 88' lang='lat' dir='ltr'>maritima</span> <span class='ocrx_word' id='word_1_165' title='bbox 838 2762 929 2825; x_wconf 86' lang='lat' dir='ltr'>locati</span> <span class='ocrx_word' id='word_1_166' title='bbox 952 2763 1114 2828; x_wconf 61' lang='lat' dir='ltr'>interfecto</span> 
     </span>
     <span class='ocr_line' id='line_1_23' title="bbox 129 2852 1113 2941; baseline 0.005 -24"><span class='ocrx_word' id='word_1_167' title='bbox 129 2852 187 2935; x_wconf 75' lang='lat' dir='ltr'>egio</span> <span class='ocrx_word' id='word_1_168' title='bbox 208 2857 359 2940; x_wconf 85' lang='lat' dir='ltr'>praesidio</span> <span class='ocrx_word' id='word_1_169' title='bbox 382 2857 501 2941; x_wconf 84' lang='lat' dir='ltr'>legatos</span> <span class='ocrx_word' id='word_1_170' title='bbox 524 2857 564 2919; x_wconf 89' lang='lat' dir='ltr'>ad</span> <span class='ocrx_word' id='word_1_171' title='bbox 588 2856 756 2920; x_wconf 83' lang='lat' dir='ltr'>Caesarem</span> <span class='ocrx_word' id='word_1_172' title='bbox 784 2856 922 2930; x_wconf 90' lang='lat' dir='ltr'>mittunt,</span> <span class='ocrx_word' id='word_1_173' title='bbox 950 2880 1013 2919; x_wconf 90' lang='lat' dir='ltr'>rem</span> <span class='ocrx_word' id='word_1_174' title='bbox 1036 2882 1056 2921; x_wconf 91' lang='lat' dir='ltr'>a</span> <span class='ocrx_word' id='word_1_175' title='bbox 1079 2884 1113 2923; x_wconf 88' lang='lat' dir='ltr'>se</span> 
     </span>
     <span class='ocr_line' id='line_1_24' title="bbox 127 2950 1113 3035; baseline 0.004 -26"><span class='ocrx_word' id='word_1_176' title='bbox 127 2962 216 3025; x_wconf 73' lang='lat' dir='ltr'>galam</span> <span class='ocrx_word' id='word_1_177' title='bbox 233 2951 359 3025; x_wconf 82' lang='lat' dir='ltr'>(locent,</span> <span class='ocrx_word' id='word_1_178' title='bbox 378 2961 487 3034; x_wconf 89' lang='lat' dir='ltr'>petunt</span> <span class='ocrx_word' id='word_1_179' title='bbox 504 2966 668 3031; x_wconf 86' lang='lat' dir='ltr'>orantque,</span> <span class='ocrx_word' id='word_1_180' title='bbox 695 2964 726 3012; x_wconf 92' lang='lat' dir='ltr'>ut</span> <span class='ocrx_word' id='word_1_181' title='bbox 746 2950 811 3012; x_wconf 88' lang='lat' dir='ltr'>suis</span> <span class='ocrx_word' id='word_1_182' title='bbox 829 2950 961 3014; x_wconf 83' lang='lat' dir='ltr'>lbrtunis</span> <span class='ocrx_word' id='word_1_183' title='bbox 979 2952 1113 3035; x_wconf 83' lang='lat' dir='ltr'>populus</span> 
     </span>
     <span class='ocr_line' id='line_1_25' title="bbox 128 3032 1116 3125; baseline 0.004 -20"><span class='ocrx_word' id='word_1_184' title='bbox 128 3032 265 3119; x_wconf 70' lang='lat' dir='ltr'>Romanus,</span> <span class='ocrx_word' id='word_1_185' title='bbox 280 3044 364 3125; x_wconf 87' lang='lat' dir='ltr'>quod</span> <span class='ocrx_word' id='word_1_186' title='bbox 375 3044 452 3108; x_wconf 86' lang='lat' dir='ltr'>bene</span> <span class='ocrx_word' id='word_1_187' title='bbox 466 3044 565 3107; x_wconf 90' lang='lat' dir='ltr'>meriti</span> <span class='ocrx_word' id='word_1_188' title='bbox 576 3054 689 3119; x_wconf 88' lang='lat' dir='ltr'>essent,</span> <span class='ocrx_word' id='word_1_189' title='bbox 704 3043 852 3106; x_wconf 88' lang='lat' dir='ltr'>auxilium</span> <span class='ocrx_word' id='word_1_190' title='bbox 867 3044 969 3107; x_wconf 83' lang='lat' dir='ltr'>l&#39;erret.</span> <span class='ocrx_word' id='word_1_191' title='bbox 998 3046 1116 3109; x_wconf 81' lang='lat' dir='ltr'>Caesar</span> 
     </span>
     <span class='ocr_line' id='line_1_26' title="bbox 127 3136 1114 3221; baseline 0.004 -24"><span class='ocrx_word' id='word_1_192' title='bbox 127 3148 203 3199; x_wconf 77' lang='lat' dir='ltr'>turum</span> <span class='ocrx_word' id='word_1_193' title='bbox 224 3137 353 3201; x_wconf 90' lang='lat' dir='ltr'>consilio</span> <span class='ocrx_word' id='word_1_194' title='bbox 374 3136 504 3221; x_wconf 89' lang='lat' dir='ltr'>probato</span> <span class='ocrx_word' id='word_1_195' title='bbox 522 3136 677 3200; x_wconf 86' lang='lat' dir='ltr'>Marcium</span> <span class='ocrx_word' id='word_1_196' title='bbox 697 3136 843 3220; x_wconf 76' lang='lat' dir='ltr'>Crispum</span> <span class='ocrx_word' id='word_1_197' title='bbox 867 3136 1024 3200; x_wconf 76' lang='lat' dir='ltr'>triduanum</span> <span class='ocrx_word' id='word_1_198' title='bbox 1042 3163 1114 3203; x_wconf 89' lang='lat' dir='ltr'>eum</span> 
     </span>
     <span class='ocr_line' id='line_1_27' title="bbox 126 3224 1114 3315; baseline 0.01 -28"><span class='ocrx_word' id='word_1_199' title='bbox 126 3224 271 3295; x_wconf 81' lang='lat' dir='ltr'>talonibus</span> <span class='ocrx_word' id='word_1_200' title='bbox 295 3229 394 3294; x_wconf 91' lang='lat' dir='ltr'>tribus</span> <span class='ocrx_word' id='word_1_201' title='bbox 417 3241 448 3295; x_wconf 86' lang='lat' dir='ltr'>ot</span> <span class='ocrx_word' id='word_1_202' title='bbox 470 3230 637 3315; x_wconf 88' lang='lat' dir='ltr'>sagittariis</span> <span class='ocrx_word' id='word_1_203' title='bbox 661 3231 882 3312; x_wconf 79' lang='lat' dir='ltr'>tormentisque</span> <span class='ocrx_word' id='word_1_204' title='bbox 905 3232 1114 3315; x_wconf 89' lang='lat' dir='ltr'>compluribus</span> 
     </span>
     <span class='ocr_line' id='line_1_28' title="bbox 124 3322 1113 3409; baseline 0.006 -23"><span class='ocrx_word' id='word_1_205' title='bbox 124 3324 248 3399; x_wconf 71' lang='lat' dir='ltr'>prasidio</span> <span class='ocrx_word' id='word_1_206' title='bbox 266 3322 450 3387; x_wconf 88' lang='lat' dir='ltr'>Thabenam</span> <span class='ocrx_word' id='word_1_207' title='bbox 469 3325 571 3387; x_wconf 85' lang='lat' dir='ltr'>mittit.</span> <span class='ocrx_word' id='word_1_208' title='bbox 599 3324 708 3387; x_wconf 89' lang='lat' dir='ltr'>eodem</span> <span class='ocrx_word' id='word_1_209' title='bbox 727 3334 863 3408; x_wconf 88' lang='lat' dir='ltr'>tempore</span> <span class='ocrx_word' id='word_1_210' title='bbox 881 3346 921 3387; x_wconf 84' lang='lat' dir='ltr'>ex</span> <span class='ocrx_word' id='word_1_211' title='bbox 938 3325 1113 3409; x_wconf 85' lang='lat' dir='ltr'>legionibus</span> 
     </span>
     <span class='ocr_line' id='line_1_29' title="bbox 123 3416 1115 3502; baseline 0.007 -23"><span class='ocrx_word' id='word_1_212' title='bbox 123 3416 239 3481; x_wconf 78' lang='lat' dir='ltr'>tuuibus</span> <span class='ocrx_word' id='word_1_213' title='bbox 261 3418 390 3495; x_wconf 87' lang='lat' dir='ltr'>milites,</span> <span class='ocrx_word' id='word_1_214' title='bbox 418 3419 472 3501; x_wconf 89' lang='lat' dir='ltr'>qui</span> <span class='ocrx_word' id='word_1_215' title='bbox 493 3430 548 3482; x_wconf 86' lang='lat' dir='ltr'>aut</span> <span class='ocrx_word' id='word_1_216' title='bbox 571 3418 679 3481; x_wconf 91' lang='lat' dir='ltr'>morbo</span> <span class='ocrx_word' id='word_1_217' title='bbox 701 3419 841 3502; x_wconf 88' lang='lat' dir='ltr'>impediti</span> <span class='ocrx_word' id='word_1_218' title='bbox 863 3431 916 3482; x_wconf 92' lang='lat' dir='ltr'>aut</span> <span class='ocrx_word' id='word_1_219' title='bbox 942 3436 1115 3485; x_wconf 83' lang='lat' dir='ltr'>cottuucalu</span> 
     </span>
     <span class='ocr_line' id='line_1_30' title="bbox 122 3502 1114 3597; baseline 0.009 -28"><span class='ocrx_word' id='word_1_220' title='bbox 122 3502 174 3573; x_wconf 82' lang='lat' dir='ltr'>dno</span> <span class='ocrx_word' id='word_1_221' title='bbox 191 3533 261 3575; x_wconf 85' lang='lat' dir='ltr'>curu</span> <span class='ocrx_word' id='word_1_222' title='bbox 283 3513 382 3597; x_wconf 88' lang='lat' dir='ltr'>siguis</span> <span class='ocrx_word' id='word_1_223' title='bbox 404 3536 467 3576; x_wconf 87' lang='lat' dir='ltr'>nou</span> <span class='ocrx_word' id='word_1_224' title='bbox 489 3524 652 3596; x_wconf 77' lang='lat' dir='ltr'>ptuucrant</span> <span class='ocrx_word' id='word_1_225' title='bbox 671 3524 742 3574; x_wconf 90' lang='lat' dir='ltr'>ante</span> <span class='ocrx_word' id='word_1_226' title='bbox 767 3512 894 3575; x_wconf 89' lang='lat' dir='ltr'>transire</span> <span class='ocrx_word' id='word_1_227' title='bbox 914 3514 943 3574; x_wconf 91' lang='lat' dir='ltr'>in</span> <span class='ocrx_word' id='word_1_228' title='bbox 963 3514 1114 3587; x_wconf 56' lang='lat' dir='ltr'>alliicam,</span> 
     </span>
     <span class='ocr_line' id='line_1_31' title="bbox 122 3598 1117 3690; baseline 0.008 -27"><span class='ocrx_word' id='word_1_229' title='bbox 122 3598 233 3669; x_wconf 85' lang='lat' dir='ltr'>tdmilia</span> <span class='ocrx_word' id='word_1_230' title='bbox 243 3604 326 3681; x_wconf 88' lang='lat' dir='ltr'>llll,</span> <span class='ocrx_word' id='word_1_231' title='bbox 341 3606 460 3687; x_wconf 86' lang='lat' dir='ltr'>equites</span> <span class='ocrx_word' id='word_1_232' title='bbox 476 3605 605 3681; x_wconf 73' lang='lat' dir='ltr'>CCCC,</span> <span class='ocrx_word' id='word_1_233' title='bbox 619 3606 791 3669; x_wconf 79' lang='lat' dir='ltr'>liuiditores</span> <span class='ocrx_word' id='word_1_234' title='bbox 807 3606 1019 3690; x_wconf 82' lang='lat' dir='ltr'>sagittariique</span> <span class='ocrx_word' id='word_1_235' title='bbox 1034 3607 1117 3672; x_wconf 84' lang='lat' dir='ltr'>inille</span> 
     </span>
     <span class='ocr_line' id='line_1_32' title="bbox 122 3698 1116 3784; baseline 0.008 -28"><span class='ocrx_word' id='word_1_236' title='bbox 122 3708 165 3757; x_wconf 75' lang='lat' dir='ltr'>tao</span> <span class='ocrx_word' id='word_1_237' title='bbox 179 3710 350 3761; x_wconf 84' lang='lat' dir='ltr'>commeatu</span> <span class='ocrx_word' id='word_1_238' title='bbox 365 3698 493 3762; x_wconf 83' lang='lat' dir='ltr'>Caesari</span> <span class='ocrx_word' id='word_1_239' title='bbox 512 3710 720 3762; x_wconf 70' lang='lat' dir='ltr'>tumuerunt.</span> <span class='ocrx_word' id='word_1_240' title='bbox 748 3700 851 3780; x_wconf 87' lang='lat' dir='ltr'>itaque</span> <span class='ocrx_word' id='word_1_241' title='bbox 870 3722 940 3761; x_wconf 79' lang='lat' dir='ltr'>turm</span> <span class='ocrx_word' id='word_1_242' title='bbox 955 3700 1003 3763; x_wconf 81' lang='lat' dir='ltr'>liis</span> <span class='ocrx_word' id='word_1_243' title='bbox 1018 3702 1116 3784; x_wconf 90' lang='lat' dir='ltr'>copiis</span> 
     </span>
     <span class='ocr_line' id='line_1_33' title="bbox 122 3789 1117 3875; baseline 0.007 -26"><span class='ocrx_word' id='word_1_244' title='bbox 122 3789 240 3855; x_wconf 76' lang='lat' dir='ltr'>omnbus</span> <span class='ocrx_word' id='word_1_245' title='bbox 257 3791 434 3875; x_wconf 89' lang='lat' dir='ltr'>legionibus</span> <span class='ocrx_word' id='word_1_246' title='bbox 453 3792 587 3867; x_wconf 88' lang='lat' dir='ltr'>eductis,</span> <span class='ocrx_word' id='word_1_247' title='bbox 607 3793 687 3855; x_wconf 87' lang='lat' dir='ltr'>sicut</span> <span class='ocrx_word' id='word_1_248' title='bbox 705 3802 769 3854; x_wconf 90' lang='lat' dir='ltr'>erat</span> <span class='ocrx_word' id='word_1_249' title='bbox 787 3792 969 3865; x_wconf 83' lang='lat' dir='ltr'>instructus,</span> <span class='ocrx_word' id='word_1_250' title='bbox 990 3792 1018 3857; x_wconf 87' lang='lat' dir='ltr'>V</span> <span class='ocrx_word' id='word_1_251' title='bbox 1037 3795 1117 3856; x_wconf 91' lang='lat' dir='ltr'>mili-</span> 
     </span>
     <span class='ocr_line' id='line_1_34' title="bbox 122 3870 1117 3969; baseline 0.008 -26"><span class='ocrx_word' id='word_1_252' title='bbox 122 3870 164 3943; x_wconf 83' lang='lat' dir='ltr'>bus</span> <span class='ocrx_word' id='word_1_253' title='bbox 178 3905 324 3968; x_wconf 85' lang='lat' dir='ltr'>passuum</span> <span class='ocrx_word' id='word_1_254' title='bbox 343 3885 382 3949; x_wconf 89' lang='lat' dir='ltr'>ab</span> <span class='ocrx_word' id='word_1_255' title='bbox 401 3886 466 3949; x_wconf 91' lang='lat' dir='ltr'>suis</span> <span class='ocrx_word' id='word_1_256' title='bbox 486 3886 605 3961; x_wconf 86' lang='lat' dir='ltr'>castris,</span> <span class='ocrx_word' id='word_1_257' title='bbox 624 3885 663 3949; x_wconf 87' lang='lat' dir='ltr'>ab</span> <span class='ocrx_word' id='word_1_258' title='bbox 680 3886 834 3969; x_wconf 69' lang='lat' dir='ltr'>Scipionis</span> <span class='ocrx_word' id='word_1_259' title='bbox 853 3909 926 3949; x_wconf 83' lang='lat' dir='ltr'>rero</span> <span class='ocrx_word' id='word_1_260' title='bbox 948 3886 975 3947; x_wconf 98' lang='lat' dir='ltr'>ll</span> <span class='ocrx_word' id='word_1_261' title='bbox 993 3888 1117 3951; x_wconf 91' lang='lat' dir='ltr'>milibus</span> 
     </span>
     <span class='ocr_line' id='line_1_35' title="bbox 124 3978 1148 4063; baseline 0.006 -25"><span class='ocrx_word' id='word_1_262' title='bbox 124 3988 246 4049; x_wconf 71' lang='lat' dir='ltr'>lassemur</span> <span class='ocrx_word' id='word_1_263' title='bbox 269 3978 362 4063; x_wconf 87' lang='lat' dir='ltr'>longe</span> <span class='ocrx_word' id='word_1_264' title='bbox 388 3979 525 4043; x_wconf 89' lang='lat' dir='ltr'>constitit</span> <span class='ocrx_word' id='word_1_265' title='bbox 551 3979 582 4042; x_wconf 93' lang='lat' dir='ltr'>iu</span> <span class='ocrx_word' id='word_1_266' title='bbox 605 4002 725 4063; x_wconf 74' lang='lat' dir='ltr'>‹atrrrpa</span> <span class='ocrx_word' id='word_1_267' title='bbox 770 3992 835 4041; x_wconf 91' lang='lat' dir='ltr'>erat</span> <span class='ocrx_word' id='word_1_268' title='bbox 864 3980 1012 4062; x_wconf 87' lang='lat' dir='ltr'>oppidum</span> <span class='ocrx_word' id='word_1_269' title='bbox 1036 3982 1148 4044; x_wconf 79' lang='lat' dir='ltr'>iuli-a·</span> 
     </span>
     <span class='ocr_line' id='line_1_36' title="bbox 125 4070 1117 4156; baseline 0.008 -27"><span class='ocrx_word' id='word_1_270' title='bbox 125 4078 200 4133; x_wconf 65' lang='lat' dir='ltr'>astra</span> <span class='ocrx_word' id='word_1_271' title='bbox 218 4070 373 4155; x_wconf 83' lang='lat' dir='ltr'>Scipionis</span> <span class='ocrx_word' id='word_1_272' title='bbox 396 4072 520 4135; x_wconf 88' lang='lat' dir='ltr'>nomine</span> <span class='ocrx_word' id='word_1_273' title='bbox 539 4072 660 4156; x_wconf 86' lang='lat' dir='ltr'>Tegea,</span> <span class='ocrx_word' id='word_1_274' title='bbox 689 4072 741 4135; x_wconf 93' lang='lat' dir='ltr'>ubi</span> <span class='ocrx_word' id='word_1_275' title='bbox 764 4073 951 4156; x_wconf 83' lang='lat' dir='ltr'>praesidium</span> <span class='ocrx_word' id='word_1_276' title='bbox 975 4087 1117 4155; x_wconf 89' lang='lat' dir='ltr'>equestre</span> 
     </span>
     <span class='ocr_line' id='line_1_37' title="bbox 126 4154 1118 4249; baseline 0.009 -27"><span class='ocrx_word' id='word_1_277' title='bbox 126 4154 219 4227; x_wconf 65' lang='lat' dir='ltr'>circiter</span> <span class='ocrx_word' id='word_1_278' title='bbox 233 4164 269 4229; x_wconf 93' lang='lat' dir='ltr'>ll</span> <span class='ocrx_word' id='word_1_279' title='bbox 287 4166 405 4229; x_wconf 92' lang='lat' dir='ltr'>milium</span> <span class='ocrx_word' id='word_1_280' title='bbox 424 4190 552 4230; x_wconf 90' lang='lat' dir='ltr'>numero</span> <span class='ocrx_word' id='word_1_281' title='bbox 570 4166 683 4229; x_wconf 87' lang='lat' dir='ltr'>habere</span> <span class='ocrx_word' id='word_1_282' title='bbox 702 4178 874 4229; x_wconf 84' lang='lat' dir='ltr'>eotisuerat.</span> <span class='ocrx_word' id='word_1_283' title='bbox 919 4190 956 4229; x_wconf 90' lang='lat' dir='ltr'>eo</span> <span class='ocrx_word' id='word_1_284' title='bbox 979 4168 1118 4249; x_wconf 91' lang='lat' dir='ltr'>equitatu</span> 
     </span>
     <span class='ocr_line' id='line_1_38' title="bbox 127 4246 1117 4345; baseline 0.004 -24"><span class='ocrx_word' id='word_1_285' title='bbox 127 4246 208 4321; x_wconf 63' lang='lat' dir='ltr'>lextra</span> <span class='ocrx_word' id='word_1_286' title='bbox 225 4259 348 4323; x_wconf 87' lang='lat' dir='ltr'>sinistra</span> <span class='ocrx_word' id='word_1_287' title='bbox 365 4260 481 4323; x_wconf 85' lang='lat' dir='ltr'>directo</span> <span class='ocrx_word' id='word_1_288' title='bbox 500 4260 539 4324; x_wconf 92' lang='lat' dir='ltr'>ab</span> <span class='ocrx_word' id='word_1_289' title='bbox 558 4259 662 4343; x_wconf 85' lang='lat' dir='ltr'>oppidi</span> <span class='ocrx_word' id='word_1_290' title='bbox 681 4259 830 4323; x_wconf 89' lang='lat' dir='ltr'>lateribus</span> <span class='ocrx_word' id='word_1_291' title='bbox 845 4260 910 4343; x_wconf 91' lang='lat' dir='ltr'>ipse</span> <span class='ocrx_word' id='word_1_292' title='bbox 925 4260 1064 4345; x_wconf 90' lang='lat' dir='ltr'>legiones</span> <span class='ocrx_word' id='word_1_293' title='bbox 1079 4286 1117 4325; x_wconf 86' lang='lat' dir='ltr'>ex</span> 
     </span>
     <span class='ocr_line' id='line_1_39' title="bbox 108 4350 1118 4439; baseline 0.004 -26"><span class='ocrx_word' id='word_1_294' title='bbox 108 4350 209 4437; x_wconf 42' lang='lat' dir='ltr'>,cattus</span> <span class='ocrx_word' id='word_1_295' title='bbox 225 4352 352 4417; x_wconf 86' lang='lat' dir='ltr'>eductas</span> <span class='ocrx_word' id='word_1_296' title='bbox 370 4366 462 4435; x_wconf 88' lang='lat' dir='ltr'>atque</span> <span class='ocrx_word' id='word_1_297' title='bbox 481 4354 512 4416; x_wconf 92' lang='lat' dir='ltr'>in</span> <span class='ocrx_word' id='word_1_298' title='bbox 530 4354 604 4439; x_wconf 89' lang='lat' dir='ltr'>iugo</span> <span class='ocrx_word' id='word_1_299' title='bbox 623 4352 766 4416; x_wconf 82' lang='lat' dir='ltr'>inferiore</span> <span class='ocrx_word' id='word_1_300' title='bbox 789 4354 953 4417; x_wconf 89' lang='lat' dir='ltr'>instructas</span> <span class='ocrx_word' id='word_1_301' title='bbox 972 4377 1034 4417; x_wconf 92' lang='lat' dir='ltr'>non</span> <span class='ocrx_word' id='word_1_302' title='bbox 1052 4354 1118 4417; x_wconf 90' lang='lat' dir='ltr'>lou-</span> 
     </span>
     <span class='ocr_line' id='line_1_40' title="bbox 130 4436 1118 4533; baseline 0.004 -26"><span class='ocrx_word' id='word_1_303' title='bbox 130 4436 178 4519; x_wconf 76' lang='lat' dir='ltr'>gius</span> <span class='ocrx_word' id='word_1_304' title='bbox 192 4446 251 4512; x_wconf 86' lang='lat' dir='ltr'>sere</span> <span class='ocrx_word' id='word_1_305' title='bbox 269 4449 352 4513; x_wconf 91' lang='lat' dir='ltr'>mille</span> <span class='ocrx_word' id='word_1_306' title='bbox 370 4472 482 4533; x_wconf 88' lang='lat' dir='ltr'>passus</span> <span class='ocrx_word' id='word_1_307' title='bbox 501 4449 540 4513; x_wconf 90' lang='lat' dir='ltr'>ab</span> <span class='ocrx_word' id='word_1_308' title='bbox 560 4450 623 4513; x_wconf 90' lang='lat' dir='ltr'>suis</span> <span class='ocrx_word' id='word_1_309' title='bbox 643 4448 865 4511; x_wconf 76' lang='lat' dir='ltr'>nmnitiouiltus</span> <span class='ocrx_word' id='word_1_310' title='bbox 884 4472 1068 4533; x_wconf 87' lang='lat' dir='ltr'>progressus</span> <span class='ocrx_word' id='word_1_311' title='bbox 1086 4451 1118 4512; x_wconf 93' lang='lat' dir='ltr'>in</span> 
     </span>
     <span class='ocr_line' id='line_1_41' title="bbox 131 4533 1117 4627; baseline 0.012 -36"><span class='ocrx_word' id='word_1_312' title='bbox 131 4533 177 4599; x_wconf 84' lang='lat' dir='ltr'>acie</span> <span class='ocrx_word' id='word_1_313' title='bbox 190 4544 348 4607; x_wconf 88' lang='lat' dir='ltr'>constituit.</span> <span class='ocrx_word' id='word_1_314' title='bbox 381 4558 545 4627; x_wconf 88' lang='lat' dir='ltr'>postquam</span> <span class='ocrx_word' id='word_1_315' title='bbox 564 4543 679 4606; x_wconf 89' lang='lat' dir='ltr'>diutius</span> <span class='ocrx_word' id='word_1_316' title='bbox 700 4543 731 4604; x_wconf 94' lang='lat' dir='ltr'>in</span> <span class='ocrx_word' id='word_1_317' title='bbox 749 4566 810 4605; x_wconf 89' lang='lat' dir='ltr'>uno</span> <span class='ocrx_word' id='word_1_318' title='bbox 829 4544 896 4608; x_wconf 89' lang='lat' dir='ltr'>loeo</span> <span class='ocrx_word' id='word_1_319' title='bbox 913 4544 1019 4627; x_wconf 72' lang='lat' dir='ltr'>Scipio</span> <span class='ocrx_word' id='word_1_320' title='bbox 1034 4566 1117 4607; x_wconf 76' lang='lat' dir='ltr'>ciun-</span> 
     </span>
    </p>
   </div>
   <div class='ocr_carea' id='block_1_3' title="bbox 0 0 1355 5206">
    <p class='ocr_par' dir='ltr' id='par_1_3' title="bbox 0 0 1355 5206">
     <span class='ocr_line' id='line_1_42' title="bbox 0 0 1355 5206; baseline 0 0"><span class='ocrx_word' id='word_1_321' title='bbox 0 0 1355 5206; x_wconf 95' lang='lat' dir='ltr'> </span> 
     </span>
    </p>
   </div>
  </div>
 </body>
</html>
