2692 5206
432 778 549 836 COMll.
567 781 588 834 l.
606 779 724 836 84-87.
1017 768 1081 834 213

62 903 172 982 soleat,
186 903 233 968 uti
246 924 283 968 eo
292 912 449 967 recurrant
463 912 494 967 et
506 903 539 966 id
552 903 752 988 cupidissime
761 913 877 988 petant,
891 905 976 988 quod
988 904 1080 992 paulo

61 1010 135 1062 ante
153 996 403 1082 contempserint.
434 1018 535 1079 neque
552 1019 636 1060 nune
653 1018 688 1061 se
704 996 826 1061 illorum
844 997 1014 1064 humilitate
1027 1021 1081 1064 ne-

60 1112 123 1174 que
141 1090 247 1174 aliqua
263 1090 410 1174 temporis
428 1090 655 1174 opportunitate
672 1090 838 1175 postulare,
856 1090 970 1174 quibus
987 1091 1080 1157 rebus

61 1206 139 1269 opes
162 1193 335 1269 augeantur
357 1204 446 1259 suae3
474 1183 529 1247 sed
551 1205 606 1247 eos
629 1183 796 1260 exercitus,
823 1204 900 1267 quos
923 1194 1031 1251 contra
1047 1207 1081 1252 se

60 1276 179 1341 multos
196 1276 258 1341 iam
277 1297 374 1340 annos
392 1275 532 1353 uiuerint,
552 1275 631 1341 velle
649 1276 770 1340 dimitti.
806 1278 912 1360 neque'
925 1278 1008 1342 enim
1025 1301 1082 1343 sex

61 1370 204 1456 legiones
221 1369 282 1434 alia
299 1370 338 1435 de
355 1391 451 1434 causa
468 1369 580 1435 missas
598 1370 630 1433 in
647 1369 835 1454 Hispaniam
858 1371 1082 1456 septimamque

60 1463 106 1528 ibi
123 1463 332 1548 conscriptam
349 1485 450 1547 neque
468 1462 536 1528 'tot
554 1473 717 1547 tantasque
735 1463 867 1529 classis*
889 1475 1012 1550 paratas
1028 1487 1083 1530 ne-

60 1578 124 1640 que
142 1555 315 1622 submissos
333 1557 428 1621 duces
446 1557 491 1621 rei
509 1557 650 1621 militaris
668 1557 793 1642 peritos.
820 1558 897 1622 nihil
913 1558 1025 1623 horum
1042 1560 1082 1624 ad

60 1650 220 1735 pacandas
238 1650 423 1735 Hispanias,
445 1650 523 1715 nihil
545 1651 585 1715 ad
601 1674 695 1716 usum
715 1651 892 1736 provinciae
912 1653 1080 1737 provisum,

60 1764 144 1826 quae
159 1754 287 1829 propter
303 1744 535 1809 diuturnitatem
552 1745 638 1829 pacis
656 1744 776 1808 nullum
793 1745 944 1809 auxilium
961 1746 1082 1810 deside-

59 1837 146 1901 rarit.
172 1837 278 1901 omnia
294 1836 371 1902 haec
387 1838 451 1901 iam
468 1838 588 1922 pridem
606 1849 713 1902 contra
730 1860 764 1902 se
782 1839 897 1923 parari:
915 1839 948 1903 in
962 1862 995 1904 se
1007 1840 1081 1903 novi

60 1930 186 2016 generis
203 1930 333 2014 imperia
351 1931 506 2008 constitui,
526 1942 560 1995 ut
576 1931 660 1996 idem
677 1931 839 2017 adportas
853 1931 979 1998 urbanis
992 1954 1081 2018 prae-

61 2022 164 2087 sideat
179 2022 322 2088 rebuset
339 2025 417 2089 duas
435 2024 687 2090 bellicosissimas
709 2026 885 2110 provincias
904 2024 1017 2092 absens
1035 2035 1081 2091 tot

60 2117 152 2182 annis
169 2115 321 2195 obtineat3
340 2117 373 2181 in
390 2139 425 2182 se
441 2118 510 2182 iura
522 2119 759 2204 magistratuum
772 2119 965 2197 commutari,
983 2140 1023 2183 ne
1040 2141 1080 2183 ex

60 2221 208 2295 praetura
224 2219 256 2274 et
272 2210 449 2288 consulatu,
468 2222 503 2274 ut
521 2233 656 2297 semper,
680 2212 736 2277 sed
753 2234 941 2297 perpaucos
958 2210 1080 2298 probati

60 2315 91 2369 et
107 2304 201 2369 electi
218 2304 252 2368 in
268 2305 443 2390 provincias
461 2306 634 2383 mittantur3
653 2306 684 2370 in
703 2328 736 2370 se
754 2306 846 2371 etiam
860 2306 969 2371 aetatis
987 2328 1076 2372 exeu-

60 2398 215 2464 sationem
231 2398 309 2462 nihil
325 2398 442 2475 valere,
465 2400 550 2483 quod
568 2399 778 2484 superioribus
801 2400 890 2465 bellis
913 2399 1079 2486 'probati'

60 2491 101 2556 ad
117 2489 305 2556 obtinendos
322 2493 475 2556 exercitus
494 2503 674 2569 evocentur3
693 2493 725 2555 in
743 2514 777 2557 se
793 2514 856 2556 uno
874 2515 936 2557 nou
954 2493 1079 2569 servari,

61 2584 145 2668 quod
162 2584 205 2649 sit
221 2585 365 2650 omnibus
383 2586 491 2650 datum
509 2607 632 2670 semper
652 2585 903 2671 imperatoribus,
931 2598 964 2650 ut
985 2585 1079 2651 rebus

60 2678 193 2744 feliciter
208 2679 306 2764 gestis
324 2690 378 2743 aut
394 2701 466 2744 cum
483 2679 600 2744 honore
617 2679 720 2761 aliquo
738 2689 791 2743 aut
809 2690 891 2743 certe
909 2680 975 2745 sine
992 2680 1081 2765 igno-

61 2772 157 2837 minia
174 2771 304 2836 domum
325 2783 518 2837 revertantur
540 2771 770 2854 exercitumque
793 2771 956 2835 dimittant
999 2794 1080 2855 quae

62 2874 166 2930 tamen
183 2866 289 2930 omnia
306 2877 338 2930 et
355 2888 389 2931 se
402 2865 510 2929 tulisse
524 2864 676 2949 patienter
688 2875 720 2928 ot
732 2886 801 2929 esse
813 2864 961 2928 laturum:
979 2885 1080 2947 neque

63 2979 144 3022 nunc
159 2957 195 3022 id
210 2981 314 3045 agere,
332 2970 367 3023 ut
384 2958 423 3024 ab
442 2958 502 3023 illis
520 2957 690 3022 abductum
703 2957 872 3023 exercitum
885 2967 988 3022 teneat
1000 2957 1078 3043 ipse,

65 3051 146 3134 quod
162 3063 268 3117 tamen
286 3052 345 3117 sibi
363 3052 488 3117 difficile
507 3074 569 3116 non
587 3051 641 3128 sit,
660 3051 716 3116 sed
733 3073 772 3115 ne
789 3051 834 3115 illi
850 3051 998 3128 habeant,
1017 3072 1079 3135 quo

66 3153 168 3209 eontra
184 3167 219 3209 se
237 3145 283 3209 uti
300 3146 430 3230 possint.
457 3145 595 3231 proinde,
615 3155 648 3208 ut
666 3156 749 3209 essct
766 3145 893 3222 dietum,
912 3143 1078 3230 provinciis

70 3237 246 3304 excederent
263 3240 495 3323 exercitumque
512 3239 715 3317 dimitterent3
738 3239 765 3303 si
783 3238 814 3302 id
833 3239 873 3302 sit
890 3237 1021 3316 factum,
1045 3261 1079 3303 se

72 3330 236 3397 nociturum
252 3334 378 3398 nemini.
407 3333 487 3397 hanc
505 3355 599 3396 unam
617 3342 710 3415 atque
727 3342 896 3397 extremam
911 3353 980 3397 esse
992 3332 1078 3416 pacis

77 3424 284 3492 madicionem.
328 3427 361 3491 id
378 3450 452 3491 vcro
474 3426 624 3491 militibus
646 3426 706 3490 fuit
722 3437 901 3512 pergratum
924 3437 954 3490 et
971 3426 1079 3490 iucun-
1096 3446 1128 3496 86

81 3512 150 3595 dum,
165 3530 199 3585 ut
215 3542 256 3585 ex
272 3521 342 3605 ipsa
360 3521 584 3607 significatione
601 3521 748 3606 cognosci
765 3521 873 3604 potuit,
892 3531 935 3597 ut,
954 3519 1007 3603 qui
1025 3520 1080 3584 ali·

83 3608 142 3688 quid
152 3611 223 3679 iusti
235 3614 424 3680 incommodi
435 3614 709 3699 exspectavissent,
727 3613 808 3678 ultro
821 3613 993 3699 praemium
1005 3613 1080 3677 mis·

10 3712 16 3727 '
87 3698 162 3770 dous
176 3706 300 3772 tenent.
335 3732 409 3773 nam
426 3731 498 3773 eum
516 3707 640 3772 deloco
658 3718 688 3771 ct
706 3718 844 3792 tempore
862 3708 928 3772 eius
945 3706 990 3771 rei
1007 3728 1080 3771 con-

89 3798 213 3866 bovena
229 3801 407 3880 inferretur,
427 3813 457 3866 et
475 3824 551 3867 voce
569 3812 601 3866 ct
617 3801 760 3868 manibus
778 3802 914 3865 universi
931 3823 971 3864 ex
987 3798 1078 3875 vallo,

91 3882 348 3971 etiamtiterant,
372 3895 547 3981 significare
565 3906 745 3980 coeperunt,
772 3906 808 3959 ut
825 3895 929 3961 statim
946 3893 1080 3957 dimitto·

92 3991 182 4080 ffflhu,
203 4011 306 4073 neque
323 3990 408 4055 omni
424 3989 605 4074 interposita
621 3989 683 4053 fide
699 3989 824 4054 firmum
841 4010 911 4052 csse
927 4009 1034 4072 posse,
1053 3988 1079 4051 si

92 4075 197 4146 uduo
213 4093 337 4168 tempus
360 4082 544 4147 differretur.
587 4082 695 4167 paucis
718 4105 789 4147 cum
811 4092 895 4146 esset
915 4081 948 4144 iu
964 4092 1080 4145 utram-

92 4180 261 4257 reputem
279 4175 383 4241 verbis
400 4176 604 4260 disputatum,
631 4199 681 4241 res
702 4175 765 4240 huc
786 4175 961 4251 deducitur,
988 4184 1022 4238 ut
1040 4175 1078 4252 ei,

92 4258 132 4336 (lli
149 4264 277 4335 babeant
301 4270 492 4336 domicilium
519 4281 572 4334 aut
597 4269 828 4355 possessionem
854 4269 887 4332 in
911 4267 1077 4353 Hispania,

93 4354 182 4439 ⁸¹elim,
198 4363 312 4447 reliqui
328 4363 369 4429 ad
386 4362 507 4428 Varum
524 4363 639 4428 flumen
657 4363 862 4439 dimittuntur3
884 4383 924 4426 ne
941 4362 1016 4445 quid
1033 4362 1078 4426 cis

92 4460 219 4536 meatur,
236 4480 300 4523 neu
317 4458 388 4542 quis
406 4457 522 4522 invitus
541 4467 767 4523 sacramentum
785 4456 887 4521 dicere
905 4466 1041 4542 cogatur,
1060 4479 1080 4518 a

94 4529 201 4615 0letare
218 4561 353 4618 cavetur.
399 4550 518 4618 Caesar
535 4575 575 4616 ex
592 4556 631 4616 co'
648 4561 794 4636 tempore,
813 4551 887 4615 dum
905 4550 946 4615 ad
962 4548 1077 4613 flumen
1095 4567 1127 4614 st
