2692 5206
487 835 553 877 VITA
571 834 711 877 CAESARIS
1069 835 1143 880 XLV

94 951 155 991 Anni

48 1012 72 1042 ιι.
82 1015 103 1040 s.
131 1000 206 1040 a.Clrr.

50 1085 103 1137 693
157 1084 188 1135 61
225 1081 268 1135 Ex
286 1087 418 1151 praetura
436 1079 598 1134 ulteriorem
617 1080 783 1150 Hispaniam
802 1082 917 1136 sortitus
936 1101 980 1137 ma
1022 1101 1066 1137 arn
1086 1084 1144 1136 lau·

226 1150 288 1269 ἓεῧ
299 1149 460 1269 prqqinciae
470 1149 681 1204 administratae
693 1152 884 1220 consequitur.
904 1152 973 1204 Plut.
1001 1152 1026 1204 2.
1046 1155 1146 1204 Auctor

242 1258 249 1270 .
287 1237 300 1269 l.
328 1259 334 1269 .
377 1257 383 1269 .

53 1285 104 1339 694
158 1285 193 1338 60
227 1234 355 1338 Deviseqis
369 1284 513 1337 Lusitanis
528 1290 556 1337 ct
571 1283 714 1339 Callaecis
732 1285 885 1354 imperator
898 1287 1066 1355 appellatur.
1098 1284 1143 1339 Ad

226 1353 325 1405 urbem
339 1352 413 1405 redit
430 1354 607 1405 consulatum
622 1354 770 1421 petiturus.
808 1353 920 1422 Negata
935 1355 1030 1423 venia,
1050 1361 1081 1407 ut
1093 1355 1145 1408 ab

228 1436 293 1473 sens
303 1426 423 1488 peteret,
443 1419 558 1473 dimisso
569 1420 713 1488 triumphi,
728 1419 776 1490 qui
787 1436 939 1474 concessus
949 1427 1021 1501 erat,
1035 1421 1144 1476 honore

227 1488 404 1540 consulatum
418 1487 496 1555 petit.
532 1487 735 1540 Reconciliatis
746 1486 849 1540 Crasso
864 1494 893 1542 et
907 1489 1040 1558 Pompeio
1056 1490 1146 1543 socie-

128 1602 132 1610 .
226 1560 272 1608 tas
281 1554 486 1607 triumvirorum
496 1554 565 1607 inita
576 1562 631 1620 est,
652 1572 708 1624 qua
718 1560 873 1608 sanxerunt
881 1555 954 1608 inter
964 1573 1003 1623 se,
1018 1560 1067 1609 ‘ue
1078 1557 1145 1626 quid

227 1630 359 1691 ageretur
377 1622 406 1674 in
423 1622 571 1690 republica
607 1622 684 1692 quod
704 1621 896 1690 displicuisset
911 1623 960 1676 uni
978 1640 1012 1676 cx
1030 1624 1143 1683 tribus'.

227 1694 298 1743 sua.
314 1691 355 1742 19.
381 1691 452 1742 Ριιι.
467 1690 541 1742 saa.
556 1662 596 1741 133.
627 1691 689 1743 reu.
704 1689 743 1742 ιι,
760 1689 802 1741 44.
838 1688 908 1742 eum
924 1690 1028 1745 Bibulo
1047 1691 1146 1743 consui

228 1764 349 1810 creatur.

56 1828 103 1880 695
156 1826 192 1879 59
228 1825 335 1878 Caesar
352 1830 381 1878 et
397 1824 517 1877 Bibulus
536 1840 613 1877 cons.
628 1824 703 1878 inito
723 1825 872 1878 consulatu
891 1824 1024 1892 instituit,
1042 1830 1147 1879 stacta

229 1901 346 1947 senatus
356 1899 385 1945 et
393 1893 491 1961 populi
502 1893 723 1961 publicarentur.
756 1897 826 1946 Suet.
835 1892 879 1947 20.
901 1893 971 1947 Geli.
983 1892 1018 1947 V.
1028 1893 1068 1945 18.
1104 1892 1146 1944 Ex

227 1960 337 2027 multis,
357 1976 427 2028 quas
445 1959 521 2027 tulit,
541 1959 653 2027 legibus
670 1959 820 2028 primariae
835 1966 900 2013 sunt
914 1960 932 2013 l.
947 1959 1072 2029 agraria,
1091 1976 1147 2028 qua

229 2044 326 2095 agrum
345 2027 488 2096 publicum
503 2031 532 2079 et
544 2028 643 2100 reliqui
660 2036 795 2097 quantum
809 2044 988 2097 possessores
1002 2027 1093 2098 pretio
1104 2044 1148 2081 se·

230 2096 353 2148 cundum
375 2094 597 2149 aestimationem
615 2096 644 2149 in
663 2112 749 2148 censu
767 2095 870 2149 factam
891 2095 1013 2150 vendere
1031 2095 1145 2163 vellent,

229 2179 280 2231 per
289 2162 389 2230 viginti
397 2161 472 2215 viros
483 2161 590 2215 civibus
601 2163 698 2232 egenis
709 2162 795 2216 dividi
806 2163 901 2230 iussit,
912 2163 970 2217 lde
996 2163 1145 2230 ublicanis,

229 2247 286 2299 qua
300 2230 343 2282 his
358 2230 441 2308 tertia
456 2231 612 2310 mercedum
627 2248 694 2300 pars
710 2231 918 2309 remittebatur3
937 2181 1005 2310 brie
1018 2231 1146 2310 pecuniis

229 2298 1145 2435 {tftltttttttlttttttt}tilltltttttttttttitta:

230 2433 361 2486 ciariade
372 2433 522 2487 sortiendis
532 2432 686 2501 iudicibus,
707 2433 741 2485 de
752 2433 957 2503 actisPompei.
994 2433 1101 2487 Vatinii
1111 2439 1145 2485 tr.

229 2501 421 2570 plrogatione
429 2500 524 2555 Gallia
534 2500 646 2554 citerior
653 2500 835 2570 cumlllyrico
846 2506 875 2555 et
885 2501 974 2555 tribus
984 2500 1145 2580 legionibus

230 2571 260 2621 iu
269 2567 694 2690 quinqqenniumeidecernitar,
704 2585 759 2638 quo
770 2568 846 2622 facto
858 2576 973 2622 senatus
983 2575 1066 2621 etiam
1077 2567 1146 2646 ultc3

230 2638 331 2689 riorem
361 2636 469 2690 'alliam
487 2651 549 2688 cum
568 2637 624 2689 alia
643 2637 755 2705 legione
774 2636 892 2691 addidit.
929 2636 1062 2689 Eiusdem
1080 2652 1146 2688 anni

231 2703 309 2756 initio
327 2703 426 2757 luliam
445 2703 530 2756 filiam
549 2703 683 2771 Pompeio
703 2705 732 2755 in
751 2704 955 2758 matrimonium
975 2703 1066 2769 dedit,
1085 2703 1146 2771 ipse

231 2769 410 2890 Callpurniam
420 2771 510 2839 duxit,
526 2769 612 2824 tiliam
623 2770 654 2824 L.
665 2771 792 2838 Pisonis,
812 2771 968 2825 successuri
979 2771 1033 2823 sibi
1043 2770 1072 2823 in
1083 2787 1147 2823 con·

231 2845 335 2891 sustu.

59 2909 108 2960 696
160 2907 196 2959 58
231 2903 261 2958 C.
275 2906 421 2960 llemmius
436 2911 464 2960 ct
478 2906 511 2960 1..
521 2905 661 2960 Domitius
675 2910 820 2974 praetores
835 2905 870 2957 de
881 2903 1011 2959 Caesaris
1025 2903 1096 2957 actis
1106 2920 1147 2956 re·

231 2973 337 3039 ferunt,
360 2973 466 3028 Caesar
489 2974 680 3044 cognitionem
703 2972 813 3026 senatui
832 2971 924 3026 defert
941 2979 970 3025 et
987 2972 1080 3025 triduo
1098 2988 1148 3040 per

230 3041 323 3095 irritas
342 3041 541 3095 altereationes
560 3041 708 3110 absumpto
728 3041 756 3092 in
775 3039 947 3109 provinciam
961 3039 1088 3093 abiturus
1103 3056 1147 3091 ur·

231 3111 295 3163 bem
305 3109 445 3179 relinquit.
468 3110 593 3178 Expulso
605 3110 741 3163 Cicerone
751 3117 780 3161 et
789 3115 896 3161 remoto
907 3124 940 3160 ex
950 3107 1019 3161 urbe
1029 3105 1146 3174 Catone,

231 3179 318 3230 allato
333 3177 432 3230 nuntio
447 3178 481 3230 de
496 3178 619 3230 instante
633 3176 826 3230 Helvetiorum
840 3185 930 3239 motu,
949 3175 1028 3228 initio
1044 3174 1147 3228 mensis

229 3245 320 3313 April.
338 3245 366 3297 in
382 3244 503 3299 Galliam
520 3243 708 3312 proficiscitur
727 3252 755 3297 ct
769 3250 833 3296 octo
849 3245 954 3296 dierum
969 3243 1068 3296 itinere
1083 3260 1147 3297 eon·

231 3313 307 3366 lecto
322 3313 543 3384 (Plut.Cues.1”l)
558 3314 593 3365 ad
610 3313 753 3365 Genavam
767 3311 902 3381 pervenit.
936 3311 1033 3366 Vincit
1046 3311 1148 3363 llolre·

231 3381 286 3433 ties
297 3388 324 3433 et
334 3379 513 3434 Ariovistum.
548 3382 582 3433 Β.
595 3380 668 3432 Gall.
679 3380 700 3432 Ι.

60 3450 107 3502 69ῗ
161 3449 198 3501 ὀῖ
233 3448 342 3501 Bellum
353 3466 415 3502 curn
425 3447 522 3518 Belgis
532 3447 619 3515 gcrit,
639 3446 821 3513 Suessiones,
839 3446 1021 3526 Bellovacos,
1033 3445 1147 3499 Ambia-

231 3516 448 3637 ¹1¹3⁰⁵blir⁰wi⁰⁸'
466 3516 629 3569 Aduatucos
640 3515 750 3569 subicit.
785 3516 819 3568 ln
829 3514 938 3567 ltaliam
951 3513 1147 3583 proficiscitur.

61 3652 110 3705 698
161 3652 198 3705 56
234 3651 331 3705 Mense
345 3651 435 3721 Aprili
450 3668 512 3704 cum
521 3651 654 3719 Pompeio
669 3650 811 3705 etCrasso
822 3650 917 3703 Lucae
932 3648 1098 3718 paciscitur,
1117 3655 1150 3700 ut

233 3720 315 3773 ambo
326 3719 502 3772 consulatum
511 3724 618 3787 petant,
634 3718 687 3787 ipsi
697 3725 789 3771 autem
801 3718 946 3786 imperium
955 3717 984 3769 in
995 3716 1148 3835 quinquen·

232 3787 493 3856 niumprorogctur.
529 3786 640 3840 Bellum
650 3802 712 3838 curn
722 3785 839 3841 Venetis
849 3786 929 3854 gerit.
966 3786 999 3836 B.
1012 3785 1044 3835 G.
1086 3783 1108 3836 Ι.

62 3856 110 3908 699
162 3855 199 3907 ῦὸ
231 3855 385 3923 Pompeius
402 3862 431 3908 et
446 3856 564 3908 Crassus
580 3854 710 3907 eonsules
725 3859 864 3906 creantur.
901 3851 1148 3905 Eorundemlca

233 3921 347 3975 Caesari
360 3922 506 3991 imperium
520 3921 549 3974 in
565 3921 785 3992 quinquennium
800 3921 836 3974 ab
852 3938 877 3973 a.
889 3919 923 3971 54
932 3935 1022 3998 usque
1032 3918 1068 3971 ad
1079 3935 1104 3971 a.
1113 3869 1149 3970 ib

232 3998 415 4059 prorogatum
434 3988 554 4058 pecunia
565 4008 598 4043 ex
608 3989 731 4058 aerario,
746 3991 842 4043 decem
853 3991 940 4056 legati
950 3988 1147 4039 decernuntur.

233 4060 338 4111 Caesar
348 4057 479 4127 Usipetes
490 4064 518 4111 et
528 4058 685 4111 Tencteros
697 4058 802 4125 caedit,
817 4056 846 4109 in
855 4054 1030 4108 Britanniam
1041 4060 1070 4108 et
1080 4055 1148 4109 Ger·

232 4124 352 4178 maniam
380 4125 490 4179 transit.
535 4125 639 4178 Morini
665 4125 828 4190 vincuntur,
856 4123 1051 4193 Menapiorum
1077 4121 1148 4176 fines

232 4199 386 4246 vastantur.
422 4194 456 4245 Β.
469 4194 541 4245 Gall.
552 4192 619 4245 llll.
655 4192 739 4245 initio
750 4193 809 4244 cius
820 4190 886 4245 anni
896 4192 930 4245 de
941 4191 1074 4260 analogia
1084 4192 1149 4245 libri

232 4261 288 4313 duo
300 4261 395 4330 scripti
405 4260 543 4314 ridentur.
581 4259 686 4329 (Praei.
696 4276 723 4328 p.
733 4259 796 4329 XI.)

61 4328 111 4381 '100
162 4330 198 4383 {a
233 4327 315 4382 Caes.
326 4330 361 4381 ab
373 4328 497 4381 hibernis
506 4328 535 4380 in
545 4328 655 4381 ltaliam
666 4327 799 4395 discedit3
809 4326 985 4396 inlllyricum
995 4325 1148 4407 proficisci·

233 4402 291 4462 tur;
302 4395 400 4449 iterum
410 4396 438 4448 in
446 4395 618 4449 Britanniam
630 4394 731 4449 traicit.
750 4396 897 4449 Eburones
905 4394 1002 4449 Sabim
1013 4394 1147 4448 etCottae

231 4464 363 4517 cohortos
377 4464 508 4517 caedunt.
545 4464 640 4518 Nervii
665 4480 727 4516 cum
748 4463 902 4516 Aduatucis
921 4471 950 4516 et
968 4463 1148 4517 Eburonibus

233 4530 377 4584 Ciceronis
396 4538 489 4584 castra
502 4537 701 4600 oppugnantes
716 4548 733 4583 a
748 4529 869 4584 Caesare
884 4529 1079 4600 profligantur.
1113 4532 1148 4584 B.

233 4601 306 4653 Gall.
316 4599 348 4653 V.
384 4599 482 4652 Mense
493 4597 651 4668 Septembri
660 4598 734 4651 iulia
744 4597 802 4652 filia
811 4598 935 4652 moritur.
