2692 5206
491 788 608 848 COMM.
627 791 650 845 1.
669 790 786 845 14-18.
1086 775 1149 841 185

123 915 229 1000 ipsum
251 915 387 980 dimittit.
426 914 501 977 item
523 935 563 978 ex
584 913 722 979 finitimis
745 912 924 1000 regionibus
945 937 1025 998 quas
1045 923 1150 999 potest

125 1011 281 1076 contrahit
302 1009 445 1074 cohortes
468 1030 507 1071 ex
529 1007 701 1072 delentibus
723 1006 938 1093 Pompeianis3
964 1009 997 1072 in
1017 1007 1068 1072 his
1087 1006 1149 1073 Ca·

127 1105 245 1169 merino
267 1103 441 1190 fugientem
458 1101 618 1166 Lucilium
637 1101 768 1165 Hirrum
790 1123 862 1166 eum
884 1123 941 1167 sex
960 1102 1148 1180 cohortibus,

130 1218 205 1280 quas
218 1198 263 1263 ibi
274 1197 307 1262 in
319 1196 475 1282 praesidio
488 1194 648 1272 habuerat,
668 1196 795 1281 excipit3
813 1194 927 1279 quibus
937 1197 1051 1262 coactis
1060 1197 1150 1261 XIII

135 1291 232 1357 efficit.
268 1314 341 1357 cum
366 1291 416 1355 his
444 1291 485 1354 ad
505 1289 682 1355 Domitium
704 1289 953 1355 Ahenobarbum
976 1289 1149 1356 Corfinium

138 1388 250 1473 magnis
267 1385 429 1450 itineribus
442 1385 583 1470 pervenit
598 1383 829 1468 Caesaremque
842 1385 954 1449 adesse
967 1406 1039 1449 eum
1052 1385 1150 1471 legio-

143 1480 221 1546 nibus
241 1479 364 1545 duabus
387 1479 518 1543 nuntiat.
553 1478 712 1543 Domitius
735 1501 847 1564 perse
870 1479 991 1544 circiter
1007 1478 1081 1543 XX
1098 1501 1150 1544 co-

146 1572 233 1640 hortes
245 1574 340 1651 Alba,
359 1596 398 1638 ex
411 1572 529 1637 Marsis
543 1585 573 1637 et
585 1572 736 1657 Pelignis‚
755 1572 893 1637 finitimis
912 1572 952 1637 ab
969 1571 1149 1659 regionibus
1267 1635 1269 1640 .

150 1673 281 1754 uigeant.
307 1678 432 1752 recepto
449 1667 555 1731 Firmo
574 1667 767 1752 expulsoque
784 1667 921 1732 Lentulo
940 1666 1060 1733 Caesar
1076 1689 1151 1733 con·
1170 1686 1200 1732 16

152 1762 213 1844 quiri
228 1762 354 1837 milites,
372 1761 427 1845 qui
444 1759 484 1824 ab
503 1783 540 1826 eo
557 1762 779 1838 discesserant,
798 1761 1014 1845 delectumque
1031 1761 1151 1827 institui

153 1854 230 1933 iubet;
246 1857 313 1941 ipse
331 1878 429 1919 unum
447 1855 530 1919 diem
547 1855 591 1919 ibi
608 1856 653 1919 rei
671 1854 890 1920 frumentariae
904 1877 999 1920 causa
1012 1867 1150 1921 moratus

156 1946 302 2014 Corfinium
321 1949 487 2015 contendit.
523 1971 561 2014 eo
583 1971 655 2013 cum
678 1949 829 2026 venisset,
852 1949 994 2015 cohortes
1012 1949 1045 2015 V
1060 1971 1150 2035 prac-

155 2042 243 2109 missae
260 2069 280 2109 a
296 2044 438 2109 Domitio
456 2065 497 2107 ex
514 2043 629 2128 oppido
647 2053 774 2128 pontem
792 2043 928 2108 fluminis
946 2043 1151 2129 interrumpe·

155 2130 222 2214 bnt,
240 2138 294 2222 qui
316 2147 382 2203 erat
400 2137 439 2201 ab
458 2138 573 2222 oppido
591 2137 676 2201 milia
696 2160 847 2222 passuum
870 2137 992 2202 circiter
1007 2136 1070 2202 IIL
1105 2136 1149 2202 ibi

157 2247 209 2295 un
226 2232 474 2299 antecursoribus
498 2231 644 2297 Caesaris
671 2232 790 2318 proelio
816 2233 984 2298 commisso
1010 2231 1150 2298 celeriter

157 2317 302 2390 Domitiani
319 2350 339 2390 a
351 2336 445 2411 ponte
459 2325 575 2411 repulsi
590 2348 623 2390 sc
637 2326 669 2388 in
682 2327 831 2411 oppidum
849 2337 1040 2411 receperunt.
1069 2324 1151 2392 Cac-

158 2434 195 2481 ur
206 2420 372 2507 legionibus
390 2420 538 2485 traductis
556 2421 597 2484 ad
609 2421 759 2505 oppidum
773 2422 909 2486 constitit
921 2421 1069 2505 iuxtaque
1082 2442 1151 2484 mu-

139 2528 208 2605 xtun
220 2525 318 2580 castra
334 2515 447 2600 posuit.
483 2537 517 2578 rc
535 2514 659 2599 cognita
675 2513 836 2578 Domitius
854 2514 895 2579 ad
911 2513 1098 2600 Pompe-ium
1115 2513 1148 2578 in
1170 2531 1199 2577 11

159 2599 278 2689 ipsum
294 2610 412 2694 peritos
430 2609 592 2696 regionum
611 2631 725 2694 magno
743 2609 901 2694 proposito
921 2610 1150 2693 praemiacum

158 2690 238 2768 liberis
255 2703 363 2780 mittit,
390 2703 444 2786 qui
460 2712 567 2788 petant
589 2713 682 2784 atquc
704 2711 806 2777 orent,
833 2711 869 2765 ut
890 2700 950 2766 sibi
972 2701 1149 2766 subveniat:

159 2784 299 2861 (lauarem
316 2796 439 2861 duobus
462 2795 648 2860 exercitibus
671 2804 701 2858 ct
722 2794 862 2858 locorum
883 2794 1036 2879 angustiis
1058 2793 1151 2858 facile

158 2878 291 2955 intercludi
309 2912 403 2975 posse
421 2890 638 2972 frumentoque
656 2888 821 2974 prohiberi.
857 2889 942 2972 quod
958 2888 1019 2953 nisi
1033 2887 1150 2964 fecerit,

159 2996 182 3041 it
194 2983 386 3068 cohortesque
404 2985 537 3069 amplius
555 2983 666 3048 XXX
683 3004 893 3068 magnumque
915 3004 1079 3046 numerum
1103 3004 1151 3047 sc-

158 3084 272 3142 utomm
297 3088 391 3161 atque
418 3078 557 3161 equitum
583 3077 796 3142 Romanorum
822 3076 853 3139 in
883 3076 1054 3161 perieulum
1081 3098 1151 3140 esse

157 3178 303 3235 totunm.
329 3170 453 3235 interim
471 3193 544 3235 suos
563 3170 740 3235 cohortatus
759 3180 911 3234 tormenta
927 3170 960 3234 in
977 3169 1074 3234 muris
1088 3170 1152 3234 dis-

158 3263 222 3339 pont
234 3276 395 3349 certasque
414 3266 525 3348 cuique
540 3277 644 3350 partes
658 3265 698 3329 acl
712 3265 885 3329 custodiam
897 3264 984 3329 urbis
997 3263 1150 3341 attribuit3

159 3352 279 3425 militibus
301 3359 335 3423 in
357 3360 500 3423 contione
523 3381 615 3444 agros
639 3381 679 3423 ex
701 3360 766 3423 suis
788 3358 1040 3444 possessionibus
1062 3358 1152 3443 polli-

159 3456 231 3529 tctur,
252 3464 403 3536 quaterna
423 3453 456 3516 in
474 3453 615 3538 singulos
637 3454 745 3538 iugera
767 3462 797 3516 ct
814 3475 870 3537 pro
888 3462 954 3516 rata
975 3461 1063 3536 parte
1081 3474 1152 3515 cen·

117 3581 124 3591 ·
160 3542 304 3612 iuuenibus
331 3547 538 3630 evocatisque.
582 3547 705 3610 interim
733 3544 862 3610 Caesari
888 3546 1046 3609 nuntiatur
1075 3541 1148 3609 Sul·
1168 3561 1198 3609 18

160 3650 305 3719 llunenses,
324 3641 409 3725 quod
426 3642 575 3726 oppidum
593 3665 612 3705 a
626 3640 763 3705 Corfinio
777 3640 842 3704 Vll
855 3640 974 3703 milium
992 3637 1152 3702 intervallo

160 3723 235 3811 tbest,
261 3757 375 3821 cupere
392 3757 430 3799 ea
447 3735 564 3813 facere,
591 3756 672 3818 quac
694 3734 800 3810 vellet,
828 3734 883 3797 sed
906 3757 925 3797 a
943 3731 983 3814 Q.
1002 3731 1151 3796 Lucretio

162 3836 273 3893 ¹uiatore
290 3838 322 3894 et
339 3827 429 3893 Attio
447 3828 580 3914 Peligno
598 3827 769 3912 prohiberi,
791 3828 895 3911 quiid
917 3825 1067 3910 oppidum
1085 3823 1152 3889 VII

162 3913 303 3986 chinum
320 3922 476 4007 praesidio
495 3921 648 3987 tenebant.
677 3922 769 3986 mittit
787 3944 824 3986 co
836 3921 883 3985 M.
894 3919 1067 3984 Antonium
1080 3940 1152 3982 cum

162 3998 548 4092 legicnisXIIIeohortibus
557 4015 597 4080 V.
619 4014 853 4092 Sulmonenses,
868 4013 1052 4096 simulatque
1062 4011 1153 4096 signa

163 4113 240 4173 Melta
254 4109 411 4188 viderunt,
434 4120 540 4195 portas
558 4119 758 4195 aperuerunt,
781 4109 994 4192 universique,
1017 4118 1048 4170 et
1065 4106 1153 4191 oppi-

163 4186 214 4261 dn
227 4212 255 4266 et
270 4203 393 4281 milites,
412 4203 537 4268 obviam
549 4203 740 4290 gratulantes
754 4202 894 4268 Antonio
909 4202 1058 4266 exierunt.
1084 4201 1153 4265 Lu-

164 4290 248 4360 cretius
263 4307 294 4361 et
309 4296 418 4361 Attius
436 4297 476 4361 de
493 4320 581 4362 muro
601 4320 635 4362 se
653 4298 840 4363 deiecerunt.
867 4295 975 4361 Attius
994 4296 1034 4360 ad
1051 4294 1152 4359 Anto-

164 4376 226 4450 liuu
239 4389 388 4455 deductus
401 4391 487 4475 petit,
506 4401 540 4455 ut
553 4392 593 4456 ad
608 4390 776 4457 Caesarem
789 4392 975 4456 mitteretur:
995 4390 1152 4454 Antonius

165 4486 216 4542 ⁰⁰³1
232 4483 404 4550 cohortibus
428 4495 459 4550 et
481 4484 567 4550 Attio
590 4486 699 4550 eodem
722 4487 785 4562 die,
813 4508 874 4568 quo
896 4485 1054 4569 profectus
1076 4493 1151 4557 erat,

164 4576 303 4645 revcstitur.
332 4578 517 4645 Caesareas
531 4580 672 4646 cohortes
687 4603 758 4645 eum
772 4579 909 4644 exercitu
923 4601 980 4644 suo
993 4575 1152 4642 coniunxit
