2738 5272
199 802 317 847 xxxvi
660 805 821 848 PRAEFATIO

194 933 257 971 esse
276 915 506 970 existimarent„⁶⁸
541 913 598 970 Sed
616 922 732 985 propter
751 914 908 971 differentia
918 915 967 970 illa
976 932 1019 970 me
1029 933 1086 969 non
1097 921 1199 984 movet,
1213 917 1285 970 utdc

194 985 268 1039 hauc
281 984 371 1064 ipsam
386 981 584 1051 differentiam,
604 1000 677 1053 quae
689 984 732 1037 in·
750 985 857 1053 Hirtio,
885 985 922 1038 ad
940 1000 1024 1054 quem
1042 985 1153 1055 reliqua
1174 1001 1229 1039 nos
1245 1003 1284 1040 re·

194 1052 314 1106 tercedit
336 1051 410 1104 inter
432 1058 561 1105 octavum
584 1052 685 1105 librum
704 1058 732 1106 et
751 1051 965 1118 vocantomnia,
985 1051 1119 1105 dubitem.

194 1122 223 1174 b.
238 1118 457 1173 Alexandrinum
476 1137 533 1174 non
552 1119 664 1173 dicendi
683 1137 730 1190 ge·
783 1121 875 1174 Belli
898 1121 1083 1187 Asi-ieamer
1113 1130 1141 1175 ei
1168 1122 1286 1193 Hispe-

193 1205 274 1256 uere,
306 1188 382 1267 quod
402 1187 570 1241 simillimum
589 1194 645 1256 est,
681 1189 731 1242 sed
750 1191 870 1242 aiensis
888 1187 952 1241 libri
970 1187 994 1240 si
1011 1188 1110 1255 iidem,
1128 1206 1201 1259 quos
1214 1208 1287 1244 nunc

194 1255 406 1336 compositionis
421 1263 480 1309 arte
495 1256 684 1324 manifestam,
703 1264 732 1311 ct
750 1257 887 1311 habemus
897 1255 1024 1310 Suetonii
1038 1263 1131 1310 aetate
1146 1273 1209 1310 cum
1220 1257 1286 1312 Cae·

195 1323 315 1377 Hirtmm
331 1331 360 1377 et
370 1323 482 1377 omnino
492 1341 576 1378 unum
587 1324 731 1394 utriusque
751 1324 821 1378 saris
836 1324 977 1394 Hirtiique
996 1325 1203 1379 commentariis
1221 1343 1287 1380 oon-

194 1391 258 1444 iibri
276 1408 339 1446 ease
361 1397 505 1446 auctorem
527 1398 661 1461 uegetum
679 1399 731 1446 est
750 1392 838 1445 iuncti
855 1392 1025 1459 edebantur,
1044 1392 1202 1447 mirandum
1219 1411 1286 1448 sanc

194 1459 446 1513 Forchhammerus
458 1459 530 1513 enim
541 1460 610 1529 pot
620 1477 682 1514 earn
692 1460 731 1513 ait
751 1467 808 1528 est,
826 1460 855 1513 iu
865 1466 946 1514 tanta
960 1466 1072 1530 tamque
1086 1460 1285 1515 manifestadi·

194 1543 257 1580 esse
267 1528 404 1582 sermonis
414 1527 618 1595 diversitatem,
638 1536 669 1580 ut
683 1528 731 1581 ali·
751 1527 882 1582 versitate
893 1527 1020 1581 eiusdem
1029 1544 1079 1581 eos
1089 1530 1214 1582 auctoris
1225 1530 1286 1583 llir·

194 1595 262 1666 quid
281 1603 356 1650 certe
379 1596 515 1665 temporis
538 1595 730 1650 intercessisse
750 1596 837 1665 tiique
854 1595 948 1664 putari
966 1597 1102 1664 potuisse.
1152 1595 1285 1651 Nimirum

192 1680 308 1717 necesso
323 1664 374 1732 sit3
393 1674 422 1717 at
435 1664 505 1716 nihil
520 1663 579 1718 fere
597 1664 730 1732 temporis
751 1663 878 1717 fraudem
887 1663 955 1716 tecit
964 1662 1104 1732 praefatio
1115 1666 1210 1718 octavi
1223 1665 1285 1719 libri

191 1729 397 1796 fuissellirtm3
422 1731 668 1785 Weissenbornlus
682 1748 729 1785 au·
750 1738 780 1785 et
801 1731 878 1785 haud
901 1747 966 1784 raro
989 1732 1019 1783 in
1041 1731 1179 1784 eiusmodi
1202 1733 1285 1787 rebus

191 1806 249 1853 tem
276 1800 313 1853 ad
340 1799 523 1868 explicandas
557 1798 730 1853 differentiae
750 1816 846 1868 parum
869 1805 1002 1853 accurata
1023 1800 1202 1868 antiquorum
1228 1799 1285 1854 fue-

192 1882 294 1921 causas
303 1884 360 1920 non
371 1865 501 1920 sulficere
512 1867 637 1934 dicitea,
657 1884 730 1937 quac
750 1874 814 1920 runt
831 1867 948 1933 iudicia,
967 1883 1135 1936 quamquam
1149 1868 1285 1922 neminem

191 1934 729 2014 Nipperdp.15protulit,Hirtio,quo
750 1941 817 2002 puto
849 1940 907 1989 tam
933 1935 1063 2002 ineptum
1091 1942 1121 1988 et
1150 1936 1285 1989 insulsum

191 2001 365 2072 longiuspro
388 2004 729 2068 ressuscasct,eomel1ns
748 2003 850 2068 fuisse,
875 2019 958 2071 quam
976 2002 1189 2070 grammaticum
1208 2005 1286 2057 iilum

191 2069 311 2122 cessisse
322 2086 375 2121 scri
398 2068 463 2122 endi
474 2068 637 2138 negot-lumi
659 2087 730 2123 sam·
749 2071 803 2124 iam
818 2078 883 2123 aute
899 2070 1027 2124 Suetonii
1042 2077 1182 2138 tempora,
1203 2088 1285 2142 quem

190 2152 246 2204 que
264 2136 381 2189 alterius
400 2136 468 2189 belli
482 2135 626 2190 materiam
639 2087 728 2192 ictio·
750 2138 1002 2191 Forchhammcrus
1020 2155 1047 2207 p.
1062 2138 1097 2191 50
1114 2137 1196 2192 finxit
1213 2141 1285 2194 adeo

190 2220 252 2256 rum
273 2203 466 2272 magnitudine
487 2209 516 2256 et
537 2221 630 2258 rerum
653 2206 729 2259 loco·
748 2206 895 2259 adamasse
910 2206 1080 2274 singularem
1098 2207 1197 2260 horum
1213 2223 1285 2260 com·

190 2287 308 2341 rumque
322 2270 458 2325 verietate
472 2272 594 2325 animum
605 2272 727 2326 scriben·
748 2274 946 2327 menteriorum
958 2289 1123 2342 sermonem,
1135 2283 1164 2326 ut
1174 2274 1286 2329 reiectis

190 2336 227 2390 tis
245 2339 336 2407 magis
350 2339 532 2407 permovisse,
551 2340 621 2393 etin
634 2341 728 2410 priore
747 2341 877 2410 genuinis
900 2342 934 2395 de
953 2341 1010 2394 illis
1029 2341 1112 2395 bellis
1134 2342 1214 2396 libris
1234 2345 1286 2398 hos

190 2405 255 2458 libri
273 2415 354 2475 parte
377 2407 461 2460 ctiam
480 2405 610 2461 Caesaris
634 2426 728 2462 narra-
748 2426 843 2463 eorum
853 2410 916 2463 ioco
927 2410 1089 2462 collocaret
1108 2410 1284 2479 Namquam·

189 2473 260 2526 tioni
284 2473 413 2527 nonnihil
433 2474 612 2529 tribuendum
630 2477 726 2543 videri,
747 2477 911 2547 quamuihii
926 2483 981 2530 tem
996 2477 1119 2546 ineptum
1133 2483 1190 2546 cst,
1209 2479 1285 2558 qnod

190 2541 360 2609 quaHirtius
369 2542 728 2611 inepadBalbumbellum
747 2561 804 2598 non
818 2546 901 2598 ctiam
921 2544 1096 2599 laudatorem
1110 2545 1233 2615 aliquem
1246 2563 1285 2599 m·

189 2609 410 2663 Alexandrinum
426 2610 480 2663 sibi
498 2617 595 2664 notum
610 2628 672 2666 csse
687 2613 726 2665 di·
747 2613 854 2680 veniat,
878 2613 1112 2682 quemadmodum
1130 2614 1284 2667 recentium

190 2684 275 2731 ceret.
312 2676 470 2732 Hocetiam
480 2679 578 2732 mirum
586 2678 725 2734 Weissen·
747 2681 831 2734 etiam
850 2680 971 2733 virorum
995 2682 1142 2733 doctorum
1160 2680 1284 2749 fuerunt,

189 2745 290 2799 bornio
302 2745 390 2799 visum
405 2753 460 2811 est,
480 2751 644 2816 scriptorem
655 2764 727 2820 quae
747 2749 849 2818 quibus
863 2749 1009 2817 placerent
1022 2748 1135 2801 iliorum
1150 2748 1285 2803 librorum

188 2813 250 2882 ipse
267 2813 386 2869 vidisset
401 2816 493 2869 minus
511 2816 643 2871 alacriter
661 2817 727 2870 scri·
747 2818 889 2880 sordos,⁷⁰
907 2816 970 2885 quis
985 2816 1094 2883 credat,
1114 2822 1222 2870 tantum
1238 2835 1284 2870 vn-

187 2881 293 2951 psissc,
314 2899 396 2952 quam
412 2900 485 2954 quae
499 2883 618 2937 aliorum
632 2901 726 2938 narra·
747 2884 832 2937 luisse
851 2884 928 2938 illam
947 2883 1042 2937 iudicii
1061 2884 1284 2954 perversitatem,

187 2949 266 3004 tione
285 2951 475 3019 cognovisset.
516 2951 587 3004 lilihi
605 2968 672 3006 vero
692 2969 726 3005 ea
746 2960 778 3005 ut
796 2952 922 3005 excussis
942 2967 975 3003 ex
994 2952 1136 3005 homiuum
1154 2953 1284 3006 manibus

188 3016 336 3071 diversitas
355 3035 413 3071 non
430 3019 495 3070 talis
510 3019 634 3084 videtur,
654 3036 726 3089 quae
746 3020 909 3074 melioribus
931 3019 1012 3073 libris
1036 3019 1191 3074 deteriores
1219 3021 1284 3074 sub·

187 3099 245 3136 uon
263 3085 354 3152 possit
367 3085 395 3138 in
413 3102 470 3138 uno
485 3085 640 3155 eodemque
659 3086 724 3139 scri-

187 3158 268 3230 ptore
279 3152 412 3229 cogitari,
431 3159 629 3273 nectempore(l
649 3154 725 3222 quod
770 3165 795 3202 aa
813 3165 957 3213 nippcruems
974 3165 1073 3205 codicum
1091 3167 1194 3215 Pariunt.
1218 3167 1284 3207 ecrit-

186 3218 337 3270 mtercedlt
373 3235 419 3270 m
438 3219 540 3272 erescit
579 3237 608 3273 ⁸0
648 3238 724 3274 em,
744 3216 830 3262 gerani,
860 3215 975 3256 Leidensis
992 3217 1010 3256 l.
1037 3220 1164 3258 auctoritate
1192 3219 1284 3259 ‘bellum

342 3258 349 3286 ’
546 3259 552 3286 l
744 3267 840 3304 Airtcno'
850 3267 907 3306 hunc
916 3269 993 3306 tiorum
1003 3268 1131 3316 appellavit,
1146 3280 1218 3318 quem,
1236 3281 1283 3309 cnm

187 3283 335 3352 citatimwr
364 3302 482 3356 eumque
501 3286 529 3338 in
543 3286 724 3365 fingumrum
744 3317 842 3356 codicum
856 3319 878 3356 in
888 3320 956 3357 titulis
970 3319 1044 3358 horum
1055 3320 1156 3359 librorum
1170 3322 1284 3360 admodum

185 3351 335 3405 verborum
349 3369 403 3405 usu
415 3354 607 3424 loquendique
622 3355 724 3409 formu·
744 3367 827 3407 triennis
845 3368 899 3408 anes
917 3372 957 3413 sn.
980 3372 1041 3418 sequi
1060 3371 1164 3410 nuntiavi.
1198 3373 1285 3411 norrun

186 3419 221 3472 qis
244 3420 343 3488 negari
366 3437 423 3474 non
445 3422 538 3489 possit
563 3422 630 3477 mire
658 3440 724 3477 ὑοῦ,
744 3419 928 3467 igiturvulgntum
943 3421 1027 3459 titulum
1043 3422 1135 3461 ‘bellum
1144 3423 1283 3469 termnum,

744 3480 870 3518 quamquam
894 3472 974 3510 rectius
996 3472 1087 3511 tortasse
1109 3484 1157 3512 cum
1181 3475 1283 3513 suetonio

187 3486 290 3540 ffatim
309 3488 410 3556 libr⁰⁸i
434 3505 469 3542 9⁸
486 3496 609 3570 antemi,
622 3491 724 3571 qnibfls
744 3522 793 3559 nse
804 3521 895 3560 ‘bollum
907 3523 1284 3574 Africum'scribitur,quodiegtiur

185 3561 313 3623 praestat
335 3556 407 3610 alter
429 3564 658 3626 commentarius,
685 3568 725 3613 rta
744 3572 892 3611 sirannus.
904 3573 973 3612 usa

186 3624 629 3693 sintcomparaia,utautgtudio
639 3644 723 3696 quae.
768 3632 793 3669 'lo
811 3631 899 3680 Lipslo,
922 3634 959 3681 qui
981 3633 1099 3672 identidem
1117 3636 1283 3674 commentarios

185 3691 240 3746 sita
252 3698 302 3745 aut
316 3692 517 3747 exercitatione
532 3702 614 3762 parta
628 3702 677 3749 aut
690 3712 724 3749 ex
742 3681 990 3783 2},2·BG,“J}¹,⁰{,‘3}„⁰‚¹,'0¹,¹¹
998 3684 1197 3785 ξὺᾯῇᾞζῗᾞ
1206 3685 1283 3776 ἓξὲξ

185 3776 214 3813 le
232 3760 295 3830 ipsa
312 3767 380 3814 nata
399 3761 488 3815 Vldssri
508 3767 627 3832 queant,
647 3764 723 3818 deni·
742 3785 771 3823 11.
785 3785 810 3830 'ii
830 3785 906 3832 cuique
925 3785 1011 3824 inficeto
1029 3786 1115 3826 fastidio
1140 3787 1230 3834 'frigida
1246 3793 1283 3826 sut

185 3844 240 3907 <1¹¹0
259 3846 320 3882 ⁰¹¹¹¹¹
340 3828 514 3896 ”⁰⁸⁰³tml⁸r
538 3831 641 3909 (ΨΜ
659 3832 723 3885 '¹¹¹³'
742 3835 1283 3937 ttu'ttttt,²⁰ttttttttttzitt⁰ltt

742 3947 818 3975 cannru
829 3937 899 3976 Eieet.
908 3916 939 3977 iis
947 3940 982 3977 22:
999 3939 1070 3979 ‘luter
1084 3940 1180 3984 libellos.
1195 3942 1232 3988 qui
1245 3940 1282 3979 ad·

743 3988 809 4026 iuneti
823 3987 989 4028 Commentariis
1007 3990 1108 4036 Iulianis,
1131 4001 1187 4030 unua
1205 3996 1238 4030 est
1255 3992 1282 4030 da

208 4033 233 4071 se
246 4033 281 4091 iix
295 4033 330 4072 his
343 4045 486 4076 commemoro
499 4037 620 4077 Blumlum:
639 4034 723 4080 Etaiei-
742 4037 799 4076 beilo
808 4039 923 4085 Aitteano,
937 4043 973 4089 qui
988 4051 1021 4079 me
1032 4042 1101 4079 iudico
1111 4052 1154 4080 non
1164 4043 1221 4081 inter
1234 4043 1284 4081 tiloa

183 4089 235 4133 innp
249 4094 271 4123 sn
289 4084 360 4124 iiom'r
376 4085 599 4136 (inertissimae,
626 4091 662 4138 qui
677 4100 723 4128 enm
741 4093 824 4128 tantum
834 4092 926 4136 eminet,
941 4092 979 4130 sed
993 4093 1049 4131 inter
1063 4093 1175 4140 pterosque
1189 4093 1283 4132 Romans

184 4138 265 4183 partem
284 4145 311 4172 ea
331 4136 369 4180 ils,
390 4147 444 4184 qnae
463 4138 542 4178 Caesar
560 4142 724 4202 conscripsisset
742 4141 829 4202 scripta.
848 4142 880 4179 lta
890 4145 946 4180 tersa
955 4143 977 4181 ln
986 4153 1011 4181 eo
1021 4147 1043 4181 ct
1052 4144 1078 4181 ad
1087 4145 1192 4183 cornicum
1202 4155 1283 4183 morem

183 4186 1283 4293 restitueretur:stitutustttttt‘nttttittrattentarit:

182 4285 209 4324 ad
215 4286 274 4324 urit.
281 4286 417 4326 scribendum
427 4288 518 4328 diceret:
535 4290 645 4330 'Caesaris
655 4290 833 4342 nostriidcuiquo
847 4295 894 4342 ipso
909 4293 1001 4334 Caesare
1016 4296 1115 4343 digniora
1133 4300 1190 4340 (uon
1204 4297 1282 4336 taneto

182 4338 346 4376 commentarios
359 4359 385 4367 -
398 4341 513 4386 contexui,
540 4342 813 4392 novissimumqne'vcmm
836 4345 926 4391 vocem)
948 4356 1011 4394 quarn
1026 4346 1182 4387 Commentaril
1200 4349 1233 4387 iiii
1246 4349 1282 4397 qut

183 4388 330 4436 imperfectum
353 4387 385 4429 ds
408 4387 482 4436 [codd.
506 4389 552 4437 ab]
574 4393 637 4431 robus
655 4397 722 4441 gestis
741 4395 851 4435 seruntur:
869 4396 965 4435 Nitidurn
976 4397 1071 4437 libeiium
1082 4399 1184 4438 Davisius
1194 4399 1247 4438 dicit
1256 4399 1282 4438 ad

181 4437 326 4477 Alexandriae
335 4440 433 4479 coniecit·
455 4440 609 4490 QuodSucion.
622 4454 639 4482 c.
651 4447 676 4482 te
686 4445 722 4484 ilia
741 4458 759 4484 r.
770 4448 802 4485 ol.
817 4447 1062 4497 leallestirertl'roleg.
1073 4449 1099 4488 ad
1109 4450 1183 4488 Manli.
1194 4461 1214 4498 p.
1226 4451 1281 4489 ted.

182 4489 246 4527 verba
258 4499 381 4539 perperam,
395 4494 419 4530 nt
432 4502 496 4540 supra
507 4504 527 4540 p.
538 4503 603 4532 mn
619 4495 721 4543 diximus,
740 4497 840 4545 Argunt.)
850 4498 876 4536 dc
887 4498 906 4537 b.
919 4498 1059 4548 Hispaniensi
1073 4500 1137 4539 dicit:
1157 4500 1282 4540 ‘berlmrnm

182 4540 302 4586 intellexit,
317 4550 345 4580 aa
354 4552 380 4580 oo
389 4542 511 4591 concludit,
526 4544 569 4583 iam
577 4544 616 4586 llio
625 4550 721 4596 tempore
740 4558 788 4586 eum
799 4553 887 4597 vocant,
903 4560 952 4589 eum
965 4555 1038 4591 tamen
1051 4560 1077 4591 eo
1086 4553 1167 4602 scripto
1176 4553 1231 4592 nltrli
1240 4553 1281 4592 La-

184 4598 209 4627 sa
218 4593 319 4640 corrupta
326 4590 400 4632 titisse.
729 4600 806 4638 unius
816 4602 901 4650 concipi
910 4601 995 4651 possit·

185 3896 263 3950 srdiis
278 3915 346 3950 usus
361 3897 438 3951 sitin
452 3896 629 3952 conficiendo
640 3898 723 3969 libro,
