2692 5206
391 713 539 843 muu,
558 773 610 828 m.
629 771 781 828 110-112.
1045 757 1107 824 aar

83 900 185 989 copiis
211 896 353 986 pluribus
378 896 438 963 viis
463 896 675 984 pugnabatur,
707 905 737 960 et
766 917 882 981 magna
911 894 1107 961 multitudine

82 996 176 1063 unsis
196 994 309 1079 longas
329 1013 483 1079 occupare
503 990 611 1057 hostes
637 990 842 1067 conabantnr3
869 1012 1001 1073 quarum
1022 1002 1108 1055 eraut

84 1090 118 1157 1.
139 1088 257 1157 auxilio
278 1086 394 1153 missae
415 1086 458 1153 ed
477 1084 664 1172 Pompeium
686 1085 864 1170 proelioque
889 1084 923 1148 in
945 1083 1110 1149 Thessalia

86 1183 171 1251 sacto
186 1182 317 1249 manum
331 1180 501 1256 redierant,
529 1180 600 1244 illae
623 1179 762 1243 triremes
780 1201 888 1244 omnes
910 1188 942 1242 et
958 1179 1110 1263 quinque-

86 1298 190 1345 remes
214 1287 309 1363 aptas
328 1275 564 1361 'metruetaeque
595 1273 740 1338 omnibus
769 1273 863 1338 rebus
894 1273 934 1337 ad
960 1272 1106 1358 nauigan-

88 1372 177 1450 dum,
204 1380 328 1456 praeter
350 1368 409 1435 has
431 1368 554 1445 XXII,
580 1390 661 1452 quae
685 1369 832 1453 praesidii
855 1389 950 1432 causa
970 1367 1110 1432 Alexan-

88 1466 173 1531 driae
191 1487 261 1530 esse
279 1480 478 1541 consuerant,
498 1473 671 1528 constratae
689 1485 813 1541 omnes;
836 1485 914 1547 quas
933 1462 960 1528 si
978 1483 1111 1546 occupa-

87 1560 221 1635 cissent,
248 1558 349 1623 classe
368 1557 496 1623 Caesari
518 1568 624 1642 erepta
645 1567 768 1642 portum
791 1579 828 1621 ac
849 1578 934 1622 mare
957 1566 1056 1622 totum
1077 1556 1110 1619 in
1216 1639 1219 1644 Ι

90 1676 147 1718 sua
167 1662 321 1739 potestate
342 1652 506 1730 haberent,
533 1661 708 1716 commeatu
734 1651 919 1735 auxiliisque
942 1649 1110 1717 Caesarem

89 1747 296 1833 prohiberent
339 1747 444 1831 itaque
462 1755 548 1810 tanta
566 1758 614 1810 cst
631 1747 827 1811 contentione
850 1755 968 1822 aetum,
994 1757 1111 1829 quanta

92 1842 141 1928 agi
158 1840 281 1919 debuit,
309 1863 380 1905 cum
399 1840 443 1904 illi
460 1840 593 1904 celerem
610 1841 642 1904 in
664 1863 703 1905 ea
718 1863 752 1905 re
773 1840 949 1917 victoriam,
971 1839 1005 1903 hi
1027 1839 1111 1904 solu-

92 1948 152 2000 tem
175 1958 263 1999 suam
286 1935 456 1999 consistere
478 1935 627 1999 viderent.
672 1934 728 1999 sed
749 1957 816 1999 rem
837 1933 970 1998 obtinuit
992 1931 1111 1998 Caesar

93 2051 259 2112 omnesque
277 2051 330 2094 cas
348 2051 445 2093 naves
463 2039 494 2092 et
511 2029 660 2112 reliquas,
679 2051 759 2112 quae
782 2037 869 2092 crant
886 2027 918 2091 in
936 2027 1110 2103 navalibus,

93 2123 240 2199 incendit,
267 2123 352 2207 quod
377 2133 441 2187 tam
466 2122 529 2188 late
552 2124 629 2188 tueri
657 2147 753 2208 parva
775 2146 870 2186 manu
891 2144 955 2187 non
979 2132 1110 2208 poterat,

94 2215 315 2300 confestimque
333 2218 374 2282 ad
391 2217 530 2281 Pharum
547 2217 679 2282 navibus
697 2217 810 2282 milites
829 2216 983 2302 exposuit.
1026 2214 1112 2280 Pha·
1132 2234 1178 2281 112

94 2333 142 2375 rus
160 2319 208 2375 est
225 2310 377 2375 ininsula
398 2311 490 2375 turris
514 2334 629 2396 magna
650 2311 825 2388 altitudine,
852 2310 989 2375 mirificis
1012 2310 1112 2396 operi-

95 2402 149 2468 bus
167 2413 338 2481 exstructam
356 2426 437 2486 quae
454 2427 569 2468 nomen
586 2403 625 2469 ab
643 2404 746 2468 insula
759 2404 887 2489 accepit.
914 2404 993 2468 haee
1009 2404 1112 2467 insula

94 2496 211 2562 obiecta
236 2496 447 2562 Alexandriae
473 2509 596 2582 portum
627 2498 736 2575 esficit3
769 2498 824 2563 sed
850 2521 870 2561 a
900 2496 1111 2583 superioribus

93 2589 268 2677 regionibus
298 2588 332 2652 in
353 2591 577 2677 longitudinem
607 2615 758 2677 passuum
783 2590 938 2656 DCCCC
965 2591 997 2654 in
1026 2613 1111 2654 mare

94 2684 178 2748 iactis
199 2684 334 2749 molibus
357 2694 489 2770 angusto
511 2686 620 2749 itinere
642 2696 673 2750 et
694 2696 787 2770 ponte
810 2708 881 2749 cum
899 2684 1014 2769 oppido
1038 2706 1111 2748 con-

94 2777 236 2863 iungitur.
281 2778 314 2841 in
339 2778 398 2843 hac
425 2789 496 2843 sunt
522 2779 624 2844 insula
649 2778 805 2843 domicilia
825 2778 1054 2863 Aegyptiorum
1081 2789 1111 2841 et

94 2870 179 2936 uicus
196 2872 303 2956 oppidi
321 2872 548 2958 magnitudine,
567 2895 709 2956 quaeque
727 2873 771 2937 ibi
789 2894 922 2956 cumque
939 2894 1036 2936 naves
1054 2872 1111 2935 im-

94 2965 254 3048 prudentia
275 2976 329 3029 aut
351 2975 532 3051 tempestate
555 2967 683 3052 paulum
705 2989 762 3031 suo
785 2988 879 3030 cursu
900 2966 1110 3039 decesserunt,

94 3057 147 3123 has
165 3081 250 3123 more
268 3059 459 3144 praedonum
477 3061 609 3145 diripere
631 3071 828 3125 consuerunt.
872 3060 921 3125 his
944 3071 1048 3125 autem
1064 3060 1112 3123 in-

94 3151 176 3229 ritis,
203 3175 223 3216 a
244 3152 358 3236 quibus
376 3153 499 3218 Pharus
523 3166 657 3233 tenetur,
684 3178 748 3219 non
768 3164 871 3240 potest
894 3175 963 3219 esse
985 3163 1112 3238 propter

96 3247 251 3332 angustias
273 3247 405 3313 nasibus
428 3248 569 3313 introitus
593 3250 625 3312 in
647 3260 779 3334 portum.
824 3249 886 3315 boo
905 3256 974 3315 tum
995 3249 1111 3312 veritus

97 3336 211 3405 Caesar
235 3340 377 3406 hostibus
403 3342 436 3405 in
461 3365 568 3427 pugna
593 3343 751 3428 occupatis
782 3340 931 3409 militibus
961 3343 1111 3428 expositis

96 3429 230 3498 Pharum
254 3434 416 3519 prehendit
443 3446 536 3519 atque
562 3435 605 3500 ibi
625 3437 816 3521 praesidium
841 3436 954 3522 posuit.
998 3434 1112 3520 quibus

98 3538 140 3591 est
155 3526 249 3592 rebus
270 3527 432 3606 effectum,
460 3529 506 3593 uti
527 3539 595 3593 tuto
615 3530 807 3594 frumentum
827 3529 1005 3614 auxiliaque
1026 3530 1114 3593 nasi·

99 3617 152 3685 bus
178 3621 316 3687 adeum
342 3623 517 3708 supportari
546 3634 685 3708 possent.
734 3623 852 3687 dimisit
882 3622 966 3687 enim
995 3620 1113 3687 circum

98 3735 200 3780 omnes
217 3717 408 3802 propinquas
425 3718 600 3803 provincias
619 3727 712 3802 atque
728 3718 801 3783 inde
823 3716 940 3781 auxilia
959 3715 1112 3781 evocavit.

98 3808 218 3894 reliquis
248 3813 354 3898 oppidi
384 3814 524 3898 partibus
560 3814 605 3878 sic
639 3823 686 3878 est
720 3824 907 3899 pugnatum,
942 3820 979 3877 ut
1012 3832 1113 3895 aequo

99 3903 209 3985 proelio
231 3905 454 3985 discederetur,
481 3917 512 3972 et
533 3907 634 3971 neutri
656 3907 843 3992 pellerentur
868 3904 916 3989 (id
936 3904 1114 3971 efficiebant

99 3998 255 4082 augustiae
272 3997 356 4084 loci),
374 4001 544 4085 paucisque
561 4001 716 4084 utrimque
729 4000 899 4065 interfectis
914 3997 1034 4067 Caesar
1045 3999 1114 4065 loca

99 4091 228 4156 maxime
244 4095 421 4159 necessaria
437 4096 618 4181 complexus
641 4104 735 4159 noctu
756 4093 940 4179 praemunit.
986 4092 1037 4180 [in
1053 4094 1113 4158 hoc

99 4190 192 4249 tractu
209 4185 330 4272 oppidi]
349 4210 422 4273 pars
440 4201 505 4254 erat
522 4190 627 4276 regiae
645 4189 769 4274 exigua,
787 4189 820 4252 in
838 4211 932 4272 quam
944 4188 1012 4274 ipse
1025 4188 1114 4253 habi-

99 4278 178 4342 tandi
196 4301 292 4344 causa
309 4281 395 4346 initio
413 4292 478 4347 erat
499 4283 659 4361 inductus,
686 4293 717 4347 et
739 4283 893 4347 theatrum
915 4282 1112 4349 coniunctum

97 4370 213 4451 domui,
240 4375 325 4457 quod
346 4376 425 4440 areis
448 4377 572 4442 tenebat
593 4377 697 4442 locum
724 4377 890 4460 aditusque
915 4375 1051 4442 habebat
1072 4377 1112 4441 ad

95 4475 216 4550 portum
234 4477 265 4532 et
287 4468 327 4533 ad
344 4470 462 4553 reliqua
482 4471 613 4535 navalia.
658 4471 714 4535 has
738 4471 925 4536 munitiones
946 4471 1113 4555 insequen-
