2738 5272
187 810 229 876 26
498 818 552 875 DE
568 818 696 875 BELLO
714 815 883 875 ueumco

185 967 266 1030 equo
283 945 453 1021 deciderat,
476 941 758 1019 circumsistebant3
782 942 810 1007 si
826 963 889 1026 quo
906 950 971 1005 erat
988 939 1115 1025 longius
1130 962 1197 1026 pro-

186 1040 343 1105 deundum
361 1048 415 1104 aut
427 1037 557 1103 celerius
571 1035 791 1122 recipiendum,
810 1046 897 1100 tanta
909 1044 976 1100 erat
988 1034 1100 1099 horum
1114 1056 1198 1100 exer·

185 1133 330 1198 citatione
355 1131 510 1208 celeritas,
545 1141 581 1195 ut
606 1128 688 1195 iubis
714 1151 865 1214 equorum
896 1126 1050 1194 sublevati
1077 1149 1199 1193 cursum

185 1227 403 1310 adaequarent.

135 1342 166 1391 49
248 1320 314 1386 Ubi
335 1343 408 1385 eum
428 1319 538 1384 cashis
560 1340 594 1383 se
617 1328 720 1382 tenere
739 1316 859 1382 Caesar
878 1315 1045 1393 intellexit,
1072 1338 1113 1382 ne
1134 1316 1200 1381 diu·

184 1415 246 1479 tius
264 1424 438 1479 commeatu
454 1412 678 1498 prohiberetur,
696 1411 778 1475 ultra
794 1432 865 1475 eum
877 1409 990 1487 locum,
1010 1432 1074 1493 quo
1087 1411 1120 1474 in
1133 1410 1200 1475 loco

185 1506 335 1574 Germani
360 1507 576 1582 consederant,
611 1505 732 1570 circiter
756 1526 869 1590 passus
895 1513 1061 1569 sexcentos
1086 1503 1128 1569 ab
1153 1504 1199 1581 iis,

184 1601 293 1667 castris
319 1600 465 1666 idoneum
491 1599 594 1664 locum
620 1598 735 1683 delegit
761 1597 889 1681 acieque
915 1596 1026 1683 triplici
1051 1597 1202 1663 instructa

184 1696 225 1761 ad
241 1718 314 1760 cum
330 1695 433 1760 locum
451 1693 544 1769 venit.
588 1693 720 1777 primam
742 1703 774 1756 et
794 1691 964 1757 secundam
986 1691 1085 1755 aciem
1103 1692 1138 1755 in
1155 1714 1202 1756 ar·

183 1790 243 1855 mis
260 1811 340 1866 essa,
359 1788 480 1853 tertiam
497 1796 600 1851 castra
616 1785 736 1849 munire
752 1785 853 1849 iussit.
879 1783 931 1849 hie
947 1782 1036 1848 locus
1054 1783 1095 1849 ab
1113 1784 1203 1849 hoste

183 1883 305 1949 circiter
320 1903 433 1967 passus
452 1889 629 1957 sexcentos,
647 1880 692 1944 uti
709 1879 828 1943 dictum
845 1889 907 1954 est,
926 1877 1042 1942 aberat.
1087 1900 1127 1943 eo
1144 1878 1203 1943 cir-

184 1978 260 2042 citer
276 1975 436 2041 hominum
454 1996 583 2038 numero
606 1973 742 2038 sedecim
759 1972 845 2037 milia
867 1971 1102 2057 expeditarum
1118 1972 1203 2037 omni

183 2070 321 2153 equitatu
338 2067 517 2134 Ariovistus
535 2068 629 2145 misit,
648 2089 728 2151 quae
742 2067 849 2153 copiae
861 2076 984 2131 nostros
998 2076 1205 2150 perterrerent

184 2175 215 2227 ct
231 2163 401 2227 munitione
421 2160 629 2246 prohiberent.
673 2160 769 2226 nihilo
792 2160 894 2225 secius
913 2159 1045 2237 Caesar,
1073 2170 1109 2224 ut
1131 2168 1204 2225 ante

184 2256 395 2333 constituerat,
423 2257 502 2321 duas
521 2255 603 2320 acics
620 2255 743 2320 hostem
759 2254 956 2341 propulsare,
982 2254 1106 2319 tertiam
1122 2277 1203 2340 opus

183 2350 330 2435 perficere
347 2349 447 2414 iussit.
482 2349 610 2414 munitis
628 2349 737 2413 castris
760 2349 838 2413 duas
856 2348 900 2414 ibi
920 2348 1060 2434 legiones
1079 2347 1204 2431 reliquit

184 2455 215 2510 ct
230 2455 350 2530 partem
369 2444 553 2509 auxiliorum
558 2491 567 2521 ‚
594 2453 739 2527 quattuor
761 2443 895 2526 reliquas
912 2443 945 2507 in
967 2452 1069 2507 castra
1086 2443 1204 2507 maiora

134 2558 167 2606 oo
186 2538 318 2603 reduxit.
353 2538 563 2623 proximadie
580 2537 721 2603 instituto
740 2560 797 2601 suo
816 2536 969 2602 Caesare
987 2535 1098 2600 castris
1110 2536 1203 2600 utris-

183 2653 244 2715 que
258 2632 364 2717 copias
378 2654 450 2696 suas
465 2631 571 2696 eduxit
584 2630 773 2717 paulumque
786 2653 807 2694 a
819 2629 988 2695 maioribus
1002 2628 1113 2695 castris
1132 2651 1204 2715 pro-

183 2748 310 2812 gressus
324 2727 422 2791 aciem
430 2726 585 2803 instruxit,
599 2724 742 2790 hostibus
751 2724 912 2810 pugnandi
920 2732 1106 2809 potestatem
1118 2723 1202 2788 fecit.

183 2819 237 2886 ubi
259 2842 299 2885 ne
320 2831 386 2886 tum
408 2820 534 2904 quidem
556 2842 610 2885 eos
632 2819 756 2905 prodire
777 2818 942 2895 intellexit,
970 2817 1092 2882 circiter
1111 2817 1203 2881 meri-

183 2916 266 2980 diem
287 2916 456 2980 exercitum
478 2915 510 2978 ia
537 2924 638 2978 castra
663 2912 795 2978 reduxit
839 2925 907 2977 tum
928 2912 1055 2976 demum
1076 2909 1203 2976 Ariori-

184 3019 250 3074 stus
276 3020 395 3093 partem
418 3030 545 3073 suarum
567 3008 740 3093 copiarum,
767 3027 848 3090 quae
875 3018 976 3071 castra
1001 3006 1122 3070 minora
1146 3028 1203 3091 op-

182 3111 349 3186 pugnaret,
376 3102 469 3166 misit.
521 3101 632 3165 acriter
656 3101 810 3184 utrimque
841 3122 940 3184 usque
970 3098 1011 3164 ad
1035 3120 1202 3184 vesperum

182 3203 354 3278 pugnatum
372 3203 428 3258 est.
457 3194 531 3258 solis
549 3215 664 3259 occasu
682 3217 756 3259 suas
774 3195 880 3279 copias
898 3194 1078 3258 Ariovistus
1095 3192 1201 3257 multis

183 3297 214 3351 ct
235 3286 339 3350 inlatis
363 3297 393 3351 ct
414 3287 550 3372 acceptis
572 3287 751 3353 vulneribus
777 3288 811 3352 in
832 3298 934 3353 castra
953 3287 1086 3352 reduxit.
1130 3309 1202 3351 cum

183 3401 223 3442 ex
240 3378 370 3463 captivis
388 3390 551 3463 quaereret
560 3379 688 3458 Cacsar,
707 3381 910 3464 quamobrem
919 3380 1098 3445 Ariovistus
1112 3402 1203 3465 proe-

182 3472 224 3536 lio
245 3494 307 3537 non
329 3472 513 3550 decertaret,
541 3474 622 3538 hanc
642 3474 816 3560 reperiebat
838 3496 979 3551 causam,
1006 3473 1092 3557 quod
1117 3472 1203 3559 apud

183 3563 358 3632 Germanos
376 3589 414 3632 ca
431 3568 623 3633 consuetudo
643 3580 740 3646 esset,
767 3578 801 3632 ut
823 3568 1076 3634 matresfamiliae
1093 3589 1202 3633 eorum

182 3660 317 3726 sortibus
344 3672 375 3726 ct
400 3661 669 3727 vaticinationibus
692 3662 897 3739 declararent,
924 3673 1028 3726 utrum
1048 3661 1200 3747 proelium

182 3755 332 3820 committi
349 3778 389 3820 ex
406 3778 466 3820 usu
484 3765 576 3832 esset,
594 3778 706 3823 necne:
725 3778 778 3821 cas
796 3757 839 3820 ita
856 3757 972 3821 dicere:
990 3776 1053 3820 non
1067 3777 1138 3820 esse
1150 3754 1201 3821 fac

183 3846 358 3914 Germanos
376 3871 531 3935 superare,
551 3849 578 3913 si
595 3859 666 3914 anto
683 3872 797 3914 novam
814 3850 921 3914 lunam
938 3848 1057 3935 proelio
1074 3858 1202 3914 conten·

182 3941 310 4007 dissent.

132 4054 161 4100 51
245 4034 400 4101 Postridie
422 4037 488 4101 cius
512 4036 573 4101 diei
596 4035 715 4101 Cacsar
735 4037 890 4121 praesidio
917 4038 1056 4121 utrisque
1078 4037 1201 4115 castris,

182 4127 266 4210 quod
284 4131 359 4195 satis
377 4153 447 4195 esse
464 4131 568 4195 visum
586 4141 643 4208 cst,
661 4130 799 4213 reliquit,
827 4132 927 4196 onmis
946 4131 1058 4197 alarios
1076 4131 1110 4195 in
1127 4154 1203 4197 oon-

182 4230 291 4303 spcctu
307 4222 442 4287 hostium
460 4246 515 4309 pro
534 4224 644 4289 castris
663 4224 833 4290 minoribus
852 4225 1021 4302 constituit,
1039 4225 1126 4308 quod
1143 4225 1201 4290 mi-

181 4335 241 4377 nus
250 4314 444 4379 multitudine
455 4318 586 4382 militum
598 4318 838 4403 legionariorum
850 4341 906 4404 pro
920 4319 1057 4384 hostium
1071 4340 1201 4384 numero

181 4405 318 4483 valebat,
341 4417 376 4472 ut
398 4409 438 4472 ed
460 4412 596 4495 speciem
618 4412 722 4477 alariis
744 4422 896 4489 uteretur3
923 4413 993 4498 ipse
1018 4412 1133 4498 triplici
1153 4413 1201 4477 in-

183 4510 300 4564 structa
321 4501 387 4565 acie
408 4524 507 4584 usquc
530 4505 570 4569 ad
592 4518 694 4571 castra
715 4506 850 4571 hostium
872 4506 1013 4573 accessit.
1058 4517 1125 4571 tum
1146 4506 1202 4571 de-

182 4616 268 4658 mum
289 4595 465 4661 necessario
488 4594 638 4663 Germani
660 4622 733 4665 suas
759 4600 866 4685 copias
893 4600 1003 4667 castris
1025 4600 1201 4666 eduxenmt
