2738 5272
187 700 250 766 352
536 708 853 770 BELLIAFRICANI

185 836 343 902 turbatum
365 832 474 897 iaculis
498 831 676 917 configeret.
720 832 798 896 haee
820 832 880 896 fuit
896 832 974 897 ratio
993 830 1167 917 Scipionis
1186 855 1228 899 eo

135 953 168 999 eo
187 932 238 995 die
255 927 435 1017 proeliandi.
481 924 627 991 Caesaris
645 938 749 991 autem
772 928 856 991 acies
874 927 934 992 hoe
952 929 1047 991 modo
1067 927 1137 992 suit
1157 927 1225 993 oel-

184 1026 294 1100 lecata,
312 1033 347 1087 ut
365 1021 404 1086 ab
423 1021 548 1084 sinistro
566 1021 632 1084 eius
652 1043 747 1085 eomu
765 1021 868 1085 ordiar
881 1031 911 1085 et
925 1022 965 1085 ad
978 1021 1135 1085 dexuum
1150 1044 1225 1107 per-

183 1118 316 1183 veniam.
343 1115 452 1179 habuit
460 1114 614 1199 legionem
623 1113 669 1189 X,
683 1113 785 1178 VIIH
794 1115 827 1178 in
837 1115 960 1178 sinistro
970 1137 1079 1191 cornu,
1095 1114 1223 1193 XXV,

183 1210 351 1286 XXVIII,
370 1208 468 1284 XIII,
487 1207 603 1284 XIIII,
621 1207 807 1285 XXVIIII,
826 1208 948 1272 XXVI
965 1209 998 1272 in
1011 1209 1124 1273 media
1138 1210 1221 1274 acie.

184 1307 217 1371 in
239 1329 296 1371 suo
318 1316 423 1370 autem
446 1304 553 1366 dextro
576 1324 671 1366 cornu
699 1324 716 1366 e
738 1303 876 1367 secunda
897 1304 963 1367 acie
990 1314 1222 1368 veteranarum

184 1400 344 1486 legionum
356 1406 475 1483 partem
490 1395 662 1460 cohortium
675 1396 889 1473 collocaverat,
908 1406 1068 1480 praeterea
1083 1419 1129 1460 ex
1143 1398 1222 1461 tiro-

183 1518 258 1557 num
276 1513 392 1578 paucas
411 1490 573 1554 adiecerat.
618 1490 738 1554 tertiam
756 1501 860 1553 autem
878 1492 977 1554 aciem
994 1490 1026 1552 in
1046 1490 1220 1555 sinistrum

185 1610 277 1652 suum
294 1607 390 1650 cornu
408 1583 577 1648 contulerat
595 1593 625 1647 et
642 1606 742 1667 usque
760 1585 801 1647 ad
818 1584 896 1647 aciei
915 1606 989 1648 suae
1009 1585 1155 1648 mediam
1172 1585 1220 1650 le-

184 1683 309 1767 gionem
326 1687 505 1764 porrexerat
522 1686 553 1741 et
570 1677 614 1741 ita
631 1677 848 1754 collocaverat,
871 1679 916 1742 uti
935 1679 1099 1742 sinistmm
1120 1703 1220 1744 suum

184 1797 280 1839 eomu
303 1772 413 1858 triplex
436 1781 527 1836 esset.
571 1771 604 1834 id
626 1793 662 1834 eo
689 1771 818 1834 consilio
845 1772 974 1847 fecerat,
1001 1772 1089 1855 quod
1120 1796 1219 1836 suum

184 1870 327 1933 dextrum
345 1867 425 1930 latus
444 1864 665 1928 munitionibus
685 1865 898 1942 adiuvabatur,
918 1866 1077 1930 sinistrum
1093 1878 1219 1945 autem,

185 1963 339 2046 equitatus
357 1959 494 2023 hostium
512 1959 701 2022 multitudini
720 1959 763 2022 uti
778 1960 879 2023 resisti
897 1971 1013 2045 posset,
1032 1959 1218 2038 laborabat,

185 2055 357 2138 eodemque
375 2075 465 2116 suum
484 2075 607 2115 omnem
625 2053 798 2135 equitatum
817 2054 986 2117 contulerat
1004 2065 1049 2129 et,
1073 2056 1169 2136 quod
1188 2056 1220 2120 ei

184 2172 294 2234 parurn
308 2144 490 2221 confidebat,
505 2145 658 2230 pracsidio
672 2146 719 2208 his
735 2147 890 2228 equitibus
904 2147 1058 2233 legionem
1072 2146 1109 2210 V
1122 2171 1220 2234 prae·

185 2243 310 2306 miserat
332 2240 493 2321 levemque
515 2250 703 2303 armaturam
725 2239 805 2304 inter
827 2242 946 2324 equites
969 2241 1217 2325 interposuerat.

186 2334 370 2420 Sagittarios
388 2333 472 2396 varie
489 2333 668 2417 passimque
686 2333 763 2397 locis
778 2336 869 2399 certis
883 2336 1078 2417 nraximcque
1094 2337 1132 2400 in
1147 2361 1220 2402 eor-

134 2453 163 2498 et
183 2428 276 2492 nibus
295 2426 507 2491 collocaverat.
536 2427 581 2490 sic
598 2439 798 2511 utrorumque
816 2430 968 2493 exercitus
987 2430 1135 2494 instructi
1152 2455 1220 2495 non

184 2523 254 2607 plus
278 2544 427 2606 passuum
447 2518 535 2584 000
554 2520 712 2585 interiecto
736 2523 849 2606 spatio,
878 2524 962 2605 qued
983 2523 1119 2587 forsitan
1141 2537 1218 2590 ante

149 2679 151 2683 ,
184 2617 217 2679 id
234 2628 357 2700 tempus
376 2614 521 2678 acciderit
539 2637 723 2696 numquam,
746 2616 820 2697 quin
839 2617 1048 2692 dimicaretur,
1073 2641 1091 2680 a
1118 2642 1218 2684 mane

183 2732 283 2794 usque
301 2710 341 2772 ad
360 2709 465 2772 horam
483 2707 521 2770 X
538 2709 588 2771 die
605 2709 812 2792 perstiterunt.
854 2710 976 2793 iamque
996 2709 1120 2774 Caesar
1140 2736 1234 2778 cum.

184 2805 352 2869 exercitum
370 2805 451 2867 intra
468 2804 654 2867 munitiones
669 2827 742 2867 suas
756 2805 903 2868 reducere
918 2806 1081 2889 coepisset,
1102 2808 1218 2873 subite

185 2900 347 2962 universus
375 2897 529 2979 equitatus
556 2897 682 2960 ulterior
708 2897 911 2960 Numidarum
937 2896 1218 2985 Gaetulorumque

184 2993 250 3054 sinc
268 2991 363 3054 frenis
383 2991 422 3054 ab
441 2990 550 3053 dextra
566 3002 653 3074 parte
667 3013 701 3054 se
715 3013 839 3054 movere
854 2993 1041 3076 propiusque
1057 2991 1217 3060 Caesaris

184 3096 298 3159 castra,
326 3106 405 3166 quac
424 3094 511 3146 crant
529 3084 560 3146 in
579 3083 671 3160 colle,
700 3107 733 3148 se
756 3085 895 3148 conferre
918 3087 1033 3169 coepit,
1062 3086 1216 3153 frenatus

184 3187 288 3240 autem
306 3175 440 3240 Labieni
459 3199 553 3259 eques
572 3177 604 3240 in
621 3177 690 3241 loeo
708 3201 887 3262 permanere
905 3178 1108 3264 legionesque
1131 3183 1217 3246 deti-

183 3293 271 3333 nere:
295 3293 364 3333 cum
385 3270 486 3334 subito
504 3294 576 3355 pars
596 3273 750 3354 equitatus
770 3273 914 3337 Caesaris
934 3297 1005 3337 cum
1023 3274 1084 3336 levi
1103 3300 1216 3341 arma-

183 3374 253 3427 tura
270 3373 376 3427 contra
394 3363 545 3429 Gaetulos
568 3366 689 3430 iniussu
707 3388 744 3430 ae
762 3377 875 3431 temere
897 3368 1021 3452 longius
1043 3373 1215 3453 progressi

182 3457 390 3542 paludemque
409 3461 594 3545 transgressi
612 3461 840 3524 multitudinem
854 3462 989 3524 hostium
1003 3462 1095 3546 pauci
1110 3467 1214 3529 susti-

182 3574 255 3615 nere
278 3575 340 3615 non
362 3563 528 3636 potuerunt
550 3554 672 3636 levique
695 3566 850 3617 armatura
877 3555 999 3619 deserta
1020 3554 1103 3639 pulsi
1133 3581 1214 3621 con-

182 3645 395 3728 vulneratiquc
414 3670 475 3709 uno
493 3647 596 3729 equite
614 3647 738 3723 amisse,
757 3648 862 3711 multis
877 3650 964 3731 equis
981 3649 1105 3725 sauciis,
1125 3650 1213 3716 levis

182 3750 356 3801 armaturae
378 3739 518 3803 XXVII
542 3741 652 3804 occisis
675 3742 714 3804 ael
739 3764 813 3805 suos
837 3743 1028 3826 refugerunt.
1073 3766 1139 3825 quo
1161 3770 1213 3810 se-

182 3832 284 3895 eundo
303 3834 438 3915 equestri
456 3834 572 3918 proelio
590 3834 673 3898 sacto
694 3832 799 3918 Scipio
822 3836 921 3900 laetus
940 3838 971 3899 in
991 3849 1093 3900 eastra
1110 3852 1211 3904 nocte

182 3927 286 4010 copias
305 3927 436 3991 reduxit.
465 3929 520 3992 sed
538 3929 695 4014 preprium
714 3931 862 4014 gaudium
878 3931 1062 3994 bellantibus
1077 3931 1213 3999 fortuna

182 4021 315 4084 tribucre
337 4045 400 4085 non
425 4023 569 4086 decrevit.
614 4047 747 4106 namque
770 4036 893 4107 postero
916 4026 965 4088 dic
989 4025 1108 4090 Caesar
1131 4050 1211 4093 cum

181 4125 301 4198 partem
323 4116 477 4198 equitatus
497 4117 545 4179 sui
562 4117 690 4200 Leptim
709 4118 858 4193 misisset,
886 4120 918 4182 in
941 4120 1048 4182 itinere
1070 4123 1212 4204 praeda-

182 4222 263 4271 tores
287 4209 406 4291 equites
429 4210 581 4274 Numidas
605 4209 818 4294 Gaetulesque
845 4236 883 4276 ex
906 4214 1074 4297 improviso
1102 4215 1212 4281 adorti

182 4302 302 4365 circiter
321 4301 348 4366 0
367 4304 478 4386 partim
497 4306 689 4381 oeciderunt,
713 4308 824 4389 partim
843 4308 983 4371 vivorum
1005 4308 1094 4391 potiti
1118 4322 1209 4375 sunt.

183 4395 302 4458 Caesar
319 4396 441 4460 interim
459 4399 571 4462 cotidie
585 4399 723 4484 legiones
738 4400 769 4462 in
783 4424 927 4485 eampum
942 4403 1094 4465 deducere
1109 4413 1210 4487 atque

182 4509 260 4571 opus
284 4488 387 4552 facere
413 4491 591 4573 vallumque
617 4502 648 4555 et
673 4492 792 4557 fessam
818 4518 874 4578 per
896 4496 1031 4558 medium
1054 4518 1209 4581 campum
