<?xml version="1.0" encoding="UTF-8"?>
<!DOCTYPE html PUBLIC "-//W3C//DTD XHTML 1.0 Transitional//EN"
    "http://www.w3.org/TR/xhtml1/DTD/xhtml1-transitional.dtd">
<html xmlns="http://www.w3.org/1999/xhtml" xml:lang="en" lang="en">
 <head>
  <title>
</title>
<meta http-equiv="Content-Type" content="text/html;charset=utf-8" />
  <meta name='ocr-system' content='tesseract 3.04.00' />
  <meta name='ocr-capabilities' content='ocr_page ocr_carea ocr_par ocr_line ocrx_word'/>
</head>
<body>
  <div class='ocr_page' id='page_1' title='image "./ciuliicaesarisc03krangoog_0450.png"; bbox 0 0 2738 5272; ppageno 0'>
   <div class='ocr_carea' id='block_1_1' title="bbox 196 688 907 756">
    <p class='ocr_par' dir='ltr' id='par_1_1' title="bbox 196 688 907 756">
     <span class='ocr_line' id='line_1_1' title="bbox 196 688 907 756; baseline 0.003 -3"><span class='ocrx_word' id='word_1_1' title='bbox 196 688 259 754; x_wconf 79' lang='grc'>378</span> <span class='ocrx_word' id='word_1_2' title='bbox 508 700 620 754; x_wconf 86' lang='lat' dir='ltr'>BELLI</span> <span class='ocrx_word' id='word_1_3' title='bbox 639 698 907 756; x_wconf 79' lang='lat' dir='ltr'>HISPANIENSIS</span> 
     </span>
    </p>
   </div>
   <div class='ocr_carea' id='block_1_2' title="bbox 142 821 1260 4566">
    <p class='ocr_par' dir='ltr' id='par_1_2' title="bbox 190 821 1233 1845">
     <span class='ocr_line' id='line_1_2' title="bbox 192 821 1233 908; baseline 0.002 -22"><span class='ocrx_word' id='word_1_4' title='bbox 192 824 392 888; x_wconf 89' lang='lat' dir='ltr'>constitutum</span> <span class='ocrx_word' id='word_1_5' title='bbox 409 821 567 899; x_wconf 89' lang='lat' dir='ltr'>habuisse,</span> <span class='ocrx_word' id='word_1_6' title='bbox 586 835 621 886; x_wconf 94' lang='lat' dir='ltr'>ut</span> <span class='ocrx_word' id='word_1_7' title='bbox 640 846 702 887; x_wconf 89' lang='lat' dir='ltr'>una</span> <span class='ocrx_word' id='word_1_8' title='bbox 719 822 953 908; x_wconf 82' lang='lat' dir='ltr'><strong>transfugerent</strong></span> <span class='ocrx_word' id='word_1_9' title='bbox 974 824 1024 889; x_wconf 86' lang='lat' dir='ltr'>ad</span> <span class='ocrx_word' id='word_1_10' title='bbox 1044 822 1233 891; x_wconf 72' lang='lat' dir='ltr'><strong>Caesarem:</strong></span> 
     </span>
     <span class='ocr_line' id='line_1_3' title="bbox 191 915 1233 1005; baseline 0.004 -25"><span class='ocrx_word' id='word_1_11' title='bbox 191 918 274 981; x_wconf 89' lang='lat' dir='ltr'>illam</span> <span class='ocrx_word' id='word_1_12' title='bbox 302 939 484 1001; x_wconf 82' lang='lat' dir='ltr'><strong>oppressam</strong></span> <span class='ocrx_word' id='word_1_13' title='bbox 515 928 546 979; x_wconf 91' lang='lat' dir='ltr'>ct</span> <span class='ocrx_word' id='word_1_14' title='bbox 571 916 752 1001; x_wconf 87' lang='lat' dir='ltr'>iugulatam.</span> <span class='ocrx_word' id='word_1_15' title='bbox 804 915 864 980; x_wconf 91' lang='lat' dir='ltr'>hoc</span> <span class='ocrx_word' id='word_1_16' title='bbox 888 926 1068 1001; x_wconf 88' lang='lat' dir='ltr'>praeterea</span> <span class='ocrx_word' id='word_1_17' title='bbox 1095 934 1233 1005; x_wconf 84' lang='lat' dir='ltr'>tempore</span> 
     </span>
     <span class='ocr_line' id='line_1_4' title="bbox 192 1007 1231 1096; baseline 0.005 -23"><span class='ocrx_word' id='word_1_18' title='bbox 192 1009 322 1074; x_wconf 91' lang='lat' dir='ltr'>tabellae</span> <span class='ocrx_word' id='word_1_19' title='bbox 339 1010 378 1073; x_wconf 91' lang='lat' dir='ltr'>de</span> <span class='ocrx_word' id='word_1_20' title='bbox 396 1032 485 1073; x_wconf 88' lang='lat' dir='ltr'>muro</span> <span class='ocrx_word' id='word_1_21' title='bbox 504 1019 576 1073; x_wconf 92' lang='lat' dir='ltr'>sunt</span> <span class='ocrx_word' id='word_1_22' title='bbox 593 1009 740 1085; x_wconf 87' lang='lat' dir='ltr'>deiectae,</span> <span class='ocrx_word' id='word_1_23' title='bbox 759 1007 923 1091; x_wconf 90' lang='lat' dir='ltr'>inquibus</span> <span class='ocrx_word' id='word_1_24' title='bbox 943 1010 1114 1096; x_wconf 90' lang='lat' dir='ltr'>scriptum</span> <span class='ocrx_word' id='word_1_25' title='bbox 1129 1013 1231 1077; x_wconf 86' lang='lat' dir='ltr'>estin-</span> 
     </span>
     <span class='ocr_line' id='line_1_5' title="bbox 191 1102 1230 1181; baseline 0.005 -14"><span class='ocrx_word' id='word_1_26' title='bbox 191 1116 331 1167; x_wconf 81' lang='lat' dir='ltr'>vcntum:</span> <span class='ocrx_word' id='word_1_27' title='bbox 359 1104 414 1167; x_wconf 68' lang='lat' dir='ltr'>‘Ia</span> <span class='ocrx_word' id='word_1_28' title='bbox 433 1102 596 1167; x_wconf 83' lang='lat' dir='ltr'>Munatius</span> <span class='ocrx_word' id='word_1_29' title='bbox 620 1102 758 1167; x_wconf 82' lang='lat' dir='ltr'>Caesari.</span> <span class='ocrx_word' id='word_1_30' title='bbox 803 1103 831 1167; x_wconf 93' lang='lat' dir='ltr'>si</span> <span class='ocrx_word' id='word_1_31' title='bbox 856 1102 935 1167; x_wconf 88' lang='lat' dir='ltr'>milri</span> <span class='ocrx_word' id='word_1_32' title='bbox 963 1104 1075 1171; x_wconf 84' lang='lat' dir='ltr'>vitam</span> <span class='ocrx_word' id='word_1_33' title='bbox 1104 1106 1230 1181; x_wconf 86' lang='lat' dir='ltr'>tribues,</span> 
     </span>
     <span class='ocr_line' id='line_1_6' title="bbox 191 1195 1231 1281; baseline 0.006 -21"><span class='ocrx_word' id='word_1_34' title='bbox 191 1199 336 1280; x_wconf 88' lang='lat' dir='ltr'>quonium</span> <span class='ocrx_word' id='word_1_35' title='bbox 358 1196 397 1261; x_wconf 91' lang='lat' dir='ltr'>ab</span> <span class='ocrx_word' id='word_1_36' title='bbox 417 1195 477 1260; x_wconf 85' lang='lat' dir='ltr'>Cn.</span> <span class='ocrx_word' id='word_1_37' title='bbox 496 1197 648 1281; x_wconf 89' lang='lat' dir='ltr'>Pompeio</span> <span class='ocrx_word' id='word_1_38' title='bbox 671 1220 742 1260; x_wconf 89' lang='lat' dir='ltr'>sum</span> <span class='ocrx_word' id='word_1_39' title='bbox 764 1197 921 1272; x_wconf 89' lang='lat' dir='ltr'>desertus,</span> <span class='ocrx_word' id='word_1_40' title='bbox 949 1199 1093 1281; x_wconf 90' lang='lat' dir='ltr'>qualem</span> <span class='ocrx_word' id='word_1_41' title='bbox 1117 1224 1171 1265; x_wconf 91' lang='lat' dir='ltr'>me</span> <span class='ocrx_word' id='word_1_42' title='bbox 1191 1200 1231 1265; x_wconf 92' lang='lat' dir='ltr'>illi</span> 
     </span>
     <span class='ocr_line' id='line_1_7' title="bbox 190 1288 1230 1379; baseline 0.007 -26"><span class='ocrx_word' id='word_1_43' title='bbox 190 1292 342 1375; x_wconf 88' lang='lat' dir='ltr'>praestiti,</span> <span class='ocrx_word' id='word_1_44' title='bbox 375 1291 427 1353; x_wconf 91' lang='lat' dir='ltr'>tali</span> <span class='ocrx_word' id='word_1_45' title='bbox 455 1291 566 1354; x_wconf 85' lang='lat' dir='ltr'>virtute</span> <span class='ocrx_word' id='word_1_46' title='bbox 594 1301 625 1354; x_wconf 91' lang='lat' dir='ltr'>et</span> <span class='ocrx_word' id='word_1_47' title='bbox 651 1290 824 1354; x_wconf 91' lang='lat' dir='ltr'>constantia</span> <span class='ocrx_word' id='word_1_48' title='bbox 851 1288 1032 1379; x_wconf 82' lang='lat' dir='ltr'>[futurum]</span> <span class='ocrx_word' id='word_1_49' title='bbox 1062 1317 1120 1359; x_wconf 90' lang='lat' dir='ltr'>me</span> <span class='ocrx_word' id='word_1_50' title='bbox 1147 1295 1181 1359; x_wconf 93' lang='lat' dir='ltr'>in</span> <span class='ocrx_word' id='word_1_51' title='bbox 1203 1308 1230 1358; x_wconf 88' lang='lat' dir='ltr'>te</span> 
     </span>
     <span class='ocr_line' id='line_1_8' title="bbox 191 1384 1231 1471; baseline 0.005 -23"><span class='ocrx_word' id='word_1_52' title='bbox 191 1384 372 1470; x_wconf 83' lang='lat' dir='ltr'>praestabo’</span> <span class='ocrx_word' id='word_1_53' title='bbox 416 1386 525 1449; x_wconf 88' lang='lat' dir='ltr'>eodem</span> <span class='ocrx_word' id='word_1_54' title='bbox 553 1394 691 1468; x_wconf 89' lang='lat' dir='ltr'>ternpore</span> <span class='ocrx_word' id='word_1_55' title='bbox 722 1384 868 1469; x_wconf 83' lang='lat' dir='ltr'>oppidani</span> <span class='ocrx_word' id='word_1_56' title='bbox 893 1384 1012 1469; x_wconf 85' lang='lat' dir='ltr'>legati,</span> <span class='ocrx_word' id='word_1_57' title='bbox 1050 1389 1110 1471; x_wconf 92' lang='lat' dir='ltr'>qui</span> <span class='ocrx_word' id='word_1_58' title='bbox 1144 1398 1231 1453; x_wconf 79' lang='lat' dir='ltr'>antea</span> 
     </span>
     <span class='ocr_line' id='line_1_9' title="bbox 191 1478 1231 1560; baseline 0.005 -17"><span class='ocrx_word' id='word_1_59' title='bbox 191 1481 337 1555; x_wconf 83' lang='lat' dir='ltr'>exierant,</span> <span class='ocrx_word' id='word_1_60' title='bbox 358 1478 527 1544; x_wconf 77' lang='lat' dir='ltr'>Caesarem</span> <span class='ocrx_word' id='word_1_61' title='bbox 540 1479 694 1542; x_wconf 84' lang='lat' dir='ltr'>adiermrt:</span> <span class='ocrx_word' id='word_1_62' title='bbox 713 1479 740 1541; x_wconf 89' lang='lat' dir='ltr'>si</span> <span class='ocrx_word' id='word_1_63' title='bbox 754 1478 812 1543; x_wconf 84' lang='lat' dir='ltr'>sibi</span> <span class='ocrx_word' id='word_1_64' title='bbox 826 1479 922 1541; x_wconf 80' lang='lat' dir='ltr'>vitam</span> <span class='ocrx_word' id='word_1_65' title='bbox 936 1483 1151 1560; x_wconf 84' lang='lat' dir='ltr'>concederet,</span> <span class='ocrx_word' id='word_1_66' title='bbox 1166 1505 1231 1547; x_wconf 84' lang='lat' dir='ltr'>sese</span> 
     </span>
     <span class='ocr_line' id='line_1_10' title="bbox 191 1572 1230 1661; baseline 0.005 -25"><span class='ocrx_word' id='word_1_67' title='bbox 191 1574 364 1655; x_wconf 70' lang='lat' dir='ltr'>insequenti</span> <span class='ocrx_word' id='word_1_68' title='bbox 382 1574 451 1636; x_wconf 93' lang='lat' dir='ltr'>luce</span> <span class='ocrx_word' id='word_1_69' title='bbox 468 1573 617 1657; x_wconf 90' lang='lat' dir='ltr'>oppidum</span> <span class='ocrx_word' id='word_1_70' title='bbox 630 1594 700 1636; x_wconf 90' lang='lat' dir='ltr'>esse</span> <span class='ocrx_word' id='word_1_71' title='bbox 714 1572 882 1635; x_wconf 76' lang='lat' dir='ltr'>dedituros.</span> <span class='ocrx_word' id='word_1_72' title='bbox 909 1572 1035 1655; x_wconf 89' lang='lat' dir='ltr'>quibus</span> <span class='ocrx_word' id='word_1_73' title='bbox 1050 1577 1230 1661; x_wconf 86' lang='lat' dir='ltr'>respondit:</span> 
     </span>
     <span class='ocr_line' id='line_1_11' title="bbox 191 1666 1231 1749; baseline 0.003 -17"><span class='ocrx_word' id='word_1_74' title='bbox 191 1691 225 1732; x_wconf 90' lang='lat' dir='ltr'>se</span> <span class='ocrx_word' id='word_1_75' title='bbox 244 1666 412 1731; x_wconf 85' lang='lat' dir='ltr'>Caesarem</span> <span class='ocrx_word' id='word_1_76' title='bbox 431 1689 501 1730; x_wconf 88' lang='lat' dir='ltr'>csse</span> <span class='ocrx_word' id='word_1_77' title='bbox 519 1666 674 1748; x_wconf 86' lang='lat' dir='ltr'>fidemque</span> <span class='ocrx_word' id='word_1_78' title='bbox 692 1675 930 1749; x_wconf 86' lang='lat' dir='ltr'>praestaturum.</span> <span class='ocrx_word' id='word_1_79' title='bbox 975 1667 1028 1731; x_wconf 85' lang='lat' dir='ltr'>ita</span> <span class='ocrx_word' id='word_1_80' title='bbox 1053 1684 1133 1734; x_wconf 89' lang='lat' dir='ltr'>ante</span> <span class='ocrx_word' id='word_1_81' title='bbox 1152 1671 1231 1735; x_wconf 88' lang='lat' dir='ltr'>diem</span> 
     </span>
     <span class='ocr_line' id='line_1_12' title="bbox 191 1759 1180 1845; baseline 0.004 -22"><span class='ocrx_word' id='word_1_82' title='bbox 191 1760 246 1824; x_wconf 87' lang='lat' dir='ltr'>XI</span> <span class='ocrx_word' id='word_1_83' title='bbox 263 1759 324 1822; x_wconf 89' lang='lat' dir='ltr'>kal.</span> <span class='ocrx_word' id='word_1_84' title='bbox 343 1759 437 1822; x_wconf 85' lang='lat' dir='ltr'>Mart.</span> <span class='ocrx_word' id='word_1_85' title='bbox 457 1760 571 1844; x_wconf 91' lang='lat' dir='ltr'>oppido</span> <span class='ocrx_word' id='word_1_86' title='bbox 589 1759 704 1844; x_wconf 88' lang='lat' dir='ltr'>potitus</span> <span class='ocrx_word' id='word_1_87' title='bbox 723 1759 889 1843; x_wconf 88' lang='lat' dir='ltr'>imperator</span> <span class='ocrx_word' id='word_1_88' title='bbox 906 1770 956 1823; x_wconf 85' lang='lat' dir='ltr'>est</span> <span class='ocrx_word' id='word_1_89' title='bbox 974 1762 1180 1845; x_wconf 86' lang='lat' dir='ltr'>appellatus.</span> 
     </span>
    </p>

    <p class='ocr_par' dir='ltr' id='par_1_3' title="bbox 142 1852 1232 3426">
     <span class='ocr_line' id='line_1_13' title="bbox 142 1852 1232 1942; baseline 0.005 -27"><span class='ocrx_word' id='word_1_90' title='bbox 142 1874 174 1921; x_wconf 76' lang='lat'>‘20</span> <span class='ocrx_word' id='word_1_91' title='bbox 257 1853 351 1934; x_wconf 80' lang='lat' dir='ltr'>Quod</span> <span class='ocrx_word' id='word_1_92' title='bbox 374 1853 543 1936; x_wconf 90' lang='lat' dir='ltr'>Pompeius</span> <span class='ocrx_word' id='word_1_93' title='bbox 567 1876 606 1916; x_wconf 82' lang='lat' dir='ltr'>cx</span> <span class='ocrx_word' id='word_1_94' title='bbox 628 1853 769 1937; x_wconf 83' lang='lat' dir='ltr'>perfugis</span> <span class='ocrx_word' id='word_1_95' title='bbox 791 1874 863 1915; x_wconf 89' lang='lat' dir='ltr'>curn</span> <span class='ocrx_word' id='word_1_96' title='bbox 889 1852 1097 1919; x_wconf 89' lang='lat' dir='ltr'>deditionem</span> <span class='ocrx_word' id='word_1_97' title='bbox 1126 1858 1232 1942; x_wconf 89' lang='lat' dir='ltr'>oppidi</span> 
     </span>
     <span class='ocr_line' id='line_1_14' title="bbox 191 1945 1232 2021; baseline 0.005 -10"><span class='ocrx_word' id='word_1_98' title='bbox 191 1947 306 2011; x_wconf 78' lang='lat' dir='ltr'>factam</span> <span class='ocrx_word' id='word_1_99' title='bbox 325 1970 393 2010; x_wconf 87' lang='lat' dir='ltr'>esse</span> <span class='ocrx_word' id='word_1_100' title='bbox 413 1948 531 2021; x_wconf 81' lang='lat' dir='ltr'>scisset,</span> <span class='ocrx_word' id='word_1_101' title='bbox 551 1960 653 2010; x_wconf 89' lang='lat' dir='ltr'>castra</span> <span class='ocrx_word' id='word_1_102' title='bbox 667 1948 763 2011; x_wconf 84' lang='lat' dir='ltr'>morit</span> <span class='ocrx_word' id='word_1_103' title='bbox 777 1945 913 2010; x_wconf 85' lang='lat' dir='ltr'>Ucubim</span> <span class='ocrx_word' id='word_1_104' title='bbox 928 1968 1049 2012; x_wconf 86' lang='lat' dir='ltr'>versus</span> <span class='ocrx_word' id='word_1_105' title='bbox 1066 1966 1100 2014; x_wconf 89' lang='lat' dir='ltr'>et</span> <span class='ocrx_word' id='word_1_106' title='bbox 1115 1952 1232 2015; x_wconf 88' lang='lat' dir='ltr'>circum</span> 
     </span>
     <span class='ocr_line' id='line_1_15' title="bbox 192 2038 1231 2123; baseline 0.006 -19"><span class='ocrx_word' id='word_1_107' title='bbox 192 2064 229 2104; x_wconf 92' lang='lat' dir='ltr'>ea</span> <span class='ocrx_word' id='word_1_108' title='bbox 254 2040 323 2104; x_wconf 89' lang='lat' dir='ltr'>loca</span> <span class='ocrx_word' id='word_1_109' title='bbox 348 2040 476 2103; x_wconf 89' lang='lat' dir='ltr'>castella</span> <span class='ocrx_word' id='word_1_110' title='bbox 502 2039 656 2123; x_wconf 89' lang='lat' dir='ltr'>disposuit</span> <span class='ocrx_word' id='word_1_111' title='bbox 682 2053 713 2104; x_wconf 92' lang='lat' dir='ltr'>et</span> <span class='ocrx_word' id='word_1_112' title='bbox 739 2038 966 2103; x_wconf 85' lang='lat' dir='ltr'>munitionibus</span> <span class='ocrx_word' id='word_1_113' title='bbox 994 2064 1036 2106; x_wconf 89' lang='lat' dir='ltr'>se</span> <span class='ocrx_word' id='word_1_114' title='bbox 1068 2046 1231 2109; x_wconf 84' lang='lat' dir='ltr'>continere</span> 
     </span>
     <span class='ocr_line' id='line_1_16' title="bbox 192 2131 1230 2218; baseline 0.005 -20"><span class='ocrx_word' id='word_1_115' title='bbox 192 2134 322 2216; x_wconf 47' lang='lat' dir='ltr'>coepit.»</span> <span class='ocrx_word' id='word_1_116' title='bbox 347 2131 466 2196; x_wconf 76' lang='lat' dir='ltr'>Cacsar</span> <span class='ocrx_word' id='word_1_117' title='bbox 487 2134 584 2196; x_wconf 84' lang='lat' dir='ltr'>movit</span> <span class='ocrx_word' id='word_1_118' title='bbox 610 2148 641 2196; x_wconf 88' lang='lat' dir='ltr'>et</span> <span class='ocrx_word' id='word_1_119' title='bbox 662 2134 789 2218; x_wconf 93' lang='lat' dir='ltr'>propius</span> <span class='ocrx_word' id='word_1_120' title='bbox 813 2145 915 2197; x_wconf 89' lang='lat' dir='ltr'>eastra</span> <span class='ocrx_word' id='word_1_121' title='bbox 940 2137 1063 2201; x_wconf 88' lang='lat' dir='ltr'>castris</span> <span class='ocrx_word' id='word_1_122' title='bbox 1088 2140 1230 2203; x_wconf 86' lang='lat' dir='ltr'>eontulit.</span> 
     </span>
     <span class='ocr_line' id='line_1_17' title="bbox 192 2226 1232 2311; baseline 0.008 -21"><span class='ocrx_word' id='word_1_123' title='bbox 192 2227 300 2290; x_wconf 87' lang='lat' dir='ltr'>eodem</span> <span class='ocrx_word' id='word_1_124' title='bbox 320 2238 457 2309; x_wconf 92' lang='lat' dir='ltr'>tempore</span> <span class='ocrx_word' id='word_1_125' title='bbox 475 2248 566 2289; x_wconf 91' lang='lat' dir='ltr'>mane</span> <span class='ocrx_word' id='word_1_126' title='bbox 583 2226 730 2291; x_wconf 88' lang='lat' dir='ltr'>loricatus</span> <span class='ocrx_word' id='word_1_127' title='bbox 749 2249 830 2290; x_wconf 92' lang='lat' dir='ltr'>unus</span> <span class='ocrx_word' id='word_1_128' title='bbox 849 2249 887 2289; x_wconf 86' lang='lat' dir='ltr'>ex</span> <span class='ocrx_word' id='word_1_129' title='bbox 906 2226 1037 2311; x_wconf 81' lang='lat' dir='ltr'>legione</span> <span class='ocrx_word' id='word_1_130' title='bbox 1058 2234 1232 2297; x_wconf 78' lang='lat' dir='ltr'>vemaeula</span> 
     </span>
     <span class='ocr_line' id='line_1_18' title="bbox 192 2320 1231 2406; baseline 0.007 -23"><span class='ocrx_word' id='word_1_131' title='bbox 192 2321 232 2384; x_wconf 93' lang='lat' dir='ltr'>ad</span> <span class='ocrx_word' id='word_1_132' title='bbox 250 2344 306 2384; x_wconf 91' lang='lat' dir='ltr'>nos</span> <span class='ocrx_word' id='word_1_133' title='bbox 325 2320 491 2405; x_wconf 82' lang='lat' dir='ltr'>transfugit</span> <span class='ocrx_word' id='word_1_134' title='bbox 510 2334 539 2384; x_wconf 89' lang='lat' dir='ltr'>et</span> <span class='ocrx_word' id='word_1_135' title='bbox 558 2321 710 2384; x_wconf 81' lang='lat' dir='ltr'>nuntiavit</span> <span class='ocrx_word' id='word_1_136' title='bbox 728 2321 912 2404; x_wconf 87' lang='lat' dir='ltr'>Pompeium</span> <span class='ocrx_word' id='word_1_137' title='bbox 931 2322 1124 2406; x_wconf 87' lang='lat' dir='ltr'>oppidanos</span> <span class='ocrx_word' id='word_1_138' title='bbox 1145 2328 1231 2392; x_wconf 82' lang='lat' dir='ltr'>Ucu-</span> 
     </span>
     <span class='ocr_line' id='line_1_19' title="bbox 193 2415 1230 2506; baseline 0.009 -30"><span class='ocrx_word' id='word_1_139' title='bbox 193 2415 303 2478; x_wconf 85' lang='lat' dir='ltr'>benses</span> <span class='ocrx_word' id='word_1_140' title='bbox 331 2436 518 2477; x_wconf 80' lang='lat' dir='ltr'>convocasse</span> <span class='ocrx_word' id='word_1_141' title='bbox 545 2415 644 2496; x_wconf 89' lang='lat' dir='ltr'>iisque</span> <span class='ocrx_word' id='word_1_142' title='bbox 671 2415 714 2477; x_wconf 92' lang='lat' dir='ltr'>ita</span> <span class='ocrx_word' id='word_1_143' title='bbox 739 2415 954 2498; x_wconf 78' lang='lat' dir='ltr'>imperavisse,</span> <span class='ocrx_word' id='word_1_144' title='bbox 990 2427 1030 2479; x_wconf 90' lang='lat' dir='ltr'>ut</span> <span class='ocrx_word' id='word_1_145' title='bbox 1060 2420 1230 2506; x_wconf 85' lang='lat' dir='ltr'>diligentia</span> 
     </span>
     <span class='ocr_line' id='line_1_20' title="bbox 192 2508 1231 2598; baseline 0.006 -27"><span class='ocrx_word' id='word_1_146' title='bbox 192 2508 329 2571; x_wconf 89' lang='lat' dir='ltr'>adhibita</span> <span class='ocrx_word' id='word_1_147' title='bbox 347 2509 566 2591; x_wconf 88' lang='lat' dir='ltr'>perquirerent,</span> <span class='ocrx_word' id='word_1_148' title='bbox 586 2509 639 2590; x_wconf 92' lang='lat' dir='ltr'>qui</span> <span class='ocrx_word' id='word_1_149' title='bbox 657 2523 761 2572; x_wconf 88' lang='lat' dir='ltr'>essent</span> <span class='ocrx_word' id='word_1_150' title='bbox 780 2532 905 2572; x_wconf 76' lang='lat' dir='ltr'>suanam</span> <span class='ocrx_word' id='word_1_151' title='bbox 923 2509 1070 2592; x_wconf 87' lang='lat' dir='ltr'>partium</span> <span class='ocrx_word' id='word_1_152' title='bbox 1091 2514 1231 2598; x_wconf 88' lang='lat' dir='ltr'>itemque</span> 
     </span>
     <span class='ocr_line' id='line_1_21' title="bbox 192 2603 1230 2694; baseline 0.009 -29"><span class='ocrx_word' id='word_1_153' title='bbox 192 2603 437 2666; x_wconf 86' lang='lat' dir='ltr'>adversariorum</span> <span class='ocrx_word' id='word_1_154' title='bbox 456 2603 600 2666; x_wconf 77' lang='lat' dir='ltr'>victoriae</span> <span class='ocrx_word' id='word_1_155' title='bbox 619 2603 766 2666; x_wconf 84' lang='lat' dir='ltr'>fautores.</span> <span class='ocrx_word' id='word_1_156' title='bbox 811 2603 869 2666; x_wconf 91' lang='lat' dir='ltr'>hoe</span> <span class='ocrx_word' id='word_1_157' title='bbox 891 2605 1066 2686; x_wconf 89' lang='lat' dir='ltr'>praeterito</span> <span class='ocrx_word' id='word_1_158' title='bbox 1087 2620 1230 2694; x_wconf 86' lang='lat' dir='ltr'>tempore</span> 
     </span>
     <span class='ocr_line' id='line_1_22' title="bbox 192 2697 1230 2781; baseline 0.009 -22"><span class='ocrx_word' id='word_1_159' title='bbox 192 2699 224 2760; x_wconf 93' lang='lat' dir='ltr'>in</span> <span class='ocrx_word' id='word_1_160' title='bbox 242 2698 371 2781; x_wconf 89' lang='lat' dir='ltr'>oppido,</span> <span class='ocrx_word' id='word_1_161' title='bbox 391 2697 474 2778; x_wconf 93' lang='lat' dir='ltr'>quod</span> <span class='ocrx_word' id='word_1_162' title='bbox 493 2698 551 2760; x_wconf 86' lang='lat' dir='ltr'>fuit</span> <span class='ocrx_word' id='word_1_163' title='bbox 569 2708 707 2780; x_wconf 73' lang='lat' dir='ltr'>captatur,</span> <span class='ocrx_word' id='word_1_164' title='bbox 732 2719 840 2759; x_wconf 81' lang='lat' dir='ltr'>servus</span> <span class='ocrx_word' id='word_1_165' title='bbox 860 2710 907 2760; x_wconf 89' lang='lat' dir='ltr'>est</span> <span class='ocrx_word' id='word_1_166' title='bbox 925 2719 1068 2780; x_wconf 87' lang='lat' dir='ltr'>prensus</span> <span class='ocrx_word' id='word_1_167' title='bbox 1090 2703 1124 2765; x_wconf 96' lang='lat' dir='ltr'>in</span> <span class='ocrx_word' id='word_1_168' title='bbox 1144 2705 1230 2767; x_wconf 91' lang='lat' dir='ltr'>euni·</span> 
     </span>
     <span class='ocr_line' id='line_1_23' title="bbox 192 2790 1229 2877; baseline 0.009 -24"><span class='ocrx_word' id='word_1_169' title='bbox 192 2791 271 2866; x_wconf 90' lang='lat' dir='ltr'>culo,</span> <span class='ocrx_word' id='word_1_170' title='bbox 291 2814 382 2873; x_wconf 90' lang='lat' dir='ltr'>quern</span> <span class='ocrx_word' id='word_1_171' title='bbox 402 2813 496 2873; x_wconf 90' lang='lat' dir='ltr'>supra</span> <span class='ocrx_word' id='word_1_172' title='bbox 513 2790 794 2853; x_wconf 76' lang='lat' dir='ltr'>demonstrauimus</span> <span class='ocrx_word' id='word_1_173' title='bbox 812 2790 972 2852; x_wconf 66' lang='lat' dir='ltr'>‹lorninunt</span> <span class='ocrx_word' id='word_1_174' title='bbox 992 2791 1186 2877; x_wconf 87' lang='lat' dir='ltr'>iugulasse:</span> <span class='ocrx_word' id='word_1_175' title='bbox 1204 2798 1229 2861; x_wconf 86' lang='lat' dir='ltr'>is</span> 
     </span>
     <span class='ocr_line' id='line_1_24' title="bbox 193 2882 1230 2966; baseline 0.011 -21"><span class='ocrx_word' id='word_1_176' title='bbox 193 2884 281 2946; x_wconf 82' lang='lat' dir='ltr'>vivus</span> <span class='ocrx_word' id='word_1_177' title='bbox 301 2896 348 2946; x_wconf 87' lang='lat' dir='ltr'>est</span> <span class='ocrx_word' id='word_1_178' title='bbox 365 2882 554 2946; x_wconf 86' lang='lat' dir='ltr'>combustus.</span> <span class='ocrx_word' id='word_1_179' title='bbox 599 2883 743 2964; x_wconf 87' lang='lat' dir='ltr'>idemque</span> <span class='ocrx_word' id='word_1_180' title='bbox 762 2883 908 2966; x_wconf 88' lang='lat' dir='ltr'>temporis</span> <span class='ocrx_word' id='word_1_181' title='bbox 927 2888 1139 2954; x_wconf 83' lang='lat' dir='ltr'>centuriones</span> <span class='ocrx_word' id='word_1_182' title='bbox 1160 2892 1230 2955; x_wconf 86' lang='lat' dir='ltr'>lori·</span> 
     </span>
     <span class='ocr_line' id='line_1_25' title="bbox 192 2976 1228 3061; baseline 0.009 -21"><span class='ocrx_word' id='word_1_183' title='bbox 192 2978 252 3040; x_wconf 91' lang='lat' dir='ltr'>cati</span> <span class='ocrx_word' id='word_1_184' title='bbox 266 2976 350 3039; x_wconf 79' lang='lat' dir='ltr'>VIII</span> <span class='ocrx_word' id='word_1_185' title='bbox 364 2976 402 3040; x_wconf 90' lang='lat' dir='ltr'>ad</span> <span class='ocrx_word' id='word_1_186' title='bbox 419 2977 586 3039; x_wconf 82' lang='lat' dir='ltr'>Caesarem</span> <span class='ocrx_word' id='word_1_187' title='bbox 601 2977 833 3061; x_wconf 85' lang='lat' dir='ltr'>transfugerunt</span> <span class='ocrx_word' id='word_1_188' title='bbox 847 3000 885 3039; x_wconf 88' lang='lat' dir='ltr'>ex</span> <span class='ocrx_word' id='word_1_189' title='bbox 898 2977 1023 3061; x_wconf 78' lang='lat' dir='ltr'>legione</span> <span class='ocrx_word' id='word_1_190' title='bbox 1040 2986 1228 3055; x_wconf 79' lang='lat' dir='ltr'>vernacula,</span> 
     </span>
     <span class='ocr_line' id='line_1_26' title="bbox 192 3069 1230 3163; baseline 0.01 -30"><span class='ocrx_word' id='word_1_191' title='bbox 192 3081 224 3133; x_wconf 91' lang='lat' dir='ltr'>et</span> <span class='ocrx_word' id='word_1_192' title='bbox 247 3071 365 3151; x_wconf 91' lang='lat' dir='ltr'>equites</span> <span class='ocrx_word' id='word_1_193' title='bbox 389 3070 485 3131; x_wconf 83' lang='lat' dir='ltr'>nostri</span> <span class='ocrx_word' id='word_1_194' title='bbox 509 3092 579 3132; x_wconf 84' lang='lat' dir='ltr'>curn</span> <span class='ocrx_word' id='word_1_195' title='bbox 602 3071 849 3133; x_wconf 79' lang='lat' dir='ltr'>adversariorum</span> <span class='ocrx_word' id='word_1_196' title='bbox 872 3069 1030 3152; x_wconf 89' lang='lat' dir='ltr'>equitibus</span> <span class='ocrx_word' id='word_1_197' title='bbox 1058 3080 1230 3163; x_wconf 80' lang='lat' dir='ltr'>congressi</span> 
     </span>
     <span class='ocr_line' id='line_1_27' title="bbox 193 3163 1229 3244; baseline 0.007 -18"><span class='ocrx_word' id='word_1_198' title='bbox 193 3174 273 3237; x_wconf 89' lang='lat' dir='ltr'>sunt,</span> <span class='ocrx_word' id='word_1_199' title='bbox 293 3174 324 3225; x_wconf 91' lang='lat' dir='ltr'>ct</span> <span class='ocrx_word' id='word_1_200' title='bbox 341 3164 438 3225; x_wconf 86' lang='lat' dir='ltr'>saucii</span> <span class='ocrx_word' id='word_1_201' title='bbox 456 3163 573 3244; x_wconf 87' lang='lat' dir='ltr'>aliquot</span> <span class='ocrx_word' id='word_1_202' title='bbox 590 3164 768 3227; x_wconf 88' lang='lat' dir='ltr'>oeciderunt</span> <span class='ocrx_word' id='word_1_203' title='bbox 786 3164 846 3226; x_wconf 77' lang='lat' dir='ltr'>leri</span> <span class='ocrx_word' id='word_1_204' title='bbox 864 3176 1031 3228; x_wconf 88' lang='lat' dir='ltr'>artnatura.</span> <span class='ocrx_word' id='word_1_205' title='bbox 1074 3192 1120 3234; x_wconf 88' lang='lat' dir='ltr'>ea</span> <span class='ocrx_word' id='word_1_206' title='bbox 1139 3188 1229 3236; x_wconf 88' lang='lat' dir='ltr'>noete</span> 
     </span>
     <span class='ocr_line' id='line_1_28' title="bbox 193 3257 1228 3343; baseline 0.012 -24"><span class='ocrx_word' id='word_1_207' title='bbox 193 3257 400 3341; x_wconf 88' lang='lat' dir='ltr'>speculatores</span> <span class='ocrx_word' id='word_1_208' title='bbox 414 3258 518 3340; x_wconf 89' lang='lat' dir='ltr'>prensi</span> <span class='ocrx_word' id='word_1_209' title='bbox 533 3259 613 3321; x_wconf 77' lang='lat' dir='ltr'>servi</span> <span class='ocrx_word' id='word_1_210' title='bbox 630 3258 679 3321; x_wconf 93' lang='lat' dir='ltr'>lll</span> <span class='ocrx_word' id='word_1_211' title='bbox 693 3274 724 3320; x_wconf 88' lang='lat' dir='ltr'>et</span> <span class='ocrx_word' id='word_1_212' title='bbox 741 3282 821 3321; x_wconf 92' lang='lat' dir='ltr'>unus</span> <span class='ocrx_word' id='word_1_213' title='bbox 839 3281 878 3321; x_wconf 85' lang='lat' dir='ltr'>ex</span> <span class='ocrx_word' id='word_1_214' title='bbox 897 3259 1019 3343; x_wconf 83' lang='lat' dir='ltr'>legione</span> <span class='ocrx_word' id='word_1_215' title='bbox 1039 3268 1228 3330; x_wconf 79' lang='lat' dir='ltr'>vernacula.</span> 
     </span>
     <span class='ocr_line' id='line_1_29' title="bbox 193 3351 1228 3426; baseline 0.013 -14"><span class='ocrx_word' id='word_1_216' title='bbox 193 3351 273 3412; x_wconf 82' lang='lat' dir='ltr'>servi</span> <span class='ocrx_word' id='word_1_217' title='bbox 300 3364 371 3414; x_wconf 89' lang='lat' dir='ltr'>suut</span> <span class='ocrx_word' id='word_1_218' title='bbox 398 3351 429 3412; x_wconf 92' lang='lat' dir='ltr'>in</span> <span class='ocrx_word' id='word_1_219' title='bbox 456 3374 578 3414; x_wconf 78' lang='lat' dir='ltr'>enicem</span> <span class='ocrx_word' id='word_1_220' title='bbox 611 3351 738 3426; x_wconf 89' lang='lat' dir='ltr'>sublati,</span> <span class='ocrx_word' id='word_1_221' title='bbox 772 3353 860 3415; x_wconf 90' lang='lat' dir='ltr'>militi</span> <span class='ocrx_word' id='word_1_222' title='bbox 892 3353 1029 3418; x_wconf 79' lang='lat' dir='ltr'>cervices</span> <span class='ocrx_word' id='word_1_223' title='bbox 1066 3358 1228 3424; x_wconf 85' lang='lat' dir='ltr'>abscisae.</span> 
     </span>
    </p>

    <p class='ocr_par' dir='ltr' id='par_1_4' title="bbox 142 3444 1260 4185">
     <span class='ocr_line' id='line_1_30' title="bbox 142 3444 1229 3527; baseline 0.009 -18"><span class='ocrx_word' id='word_1_224' title='bbox 142 3465 170 3510; x_wconf 72' lang='lat' dir='ltr'>er</span> <span class='ocrx_word' id='word_1_225' title='bbox 192 3455 315 3527; x_wconf 90' lang='lat' dir='ltr'>postero</span> <span class='ocrx_word' id='word_1_226' title='bbox 337 3444 387 3506; x_wconf 92' lang='lat' dir='ltr'>dic</span> <span class='ocrx_word' id='word_1_227' title='bbox 410 3445 528 3526; x_wconf 88' lang='lat' dir='ltr'>equites</span> <span class='ocrx_word' id='word_1_228' title='bbox 552 3467 622 3507; x_wconf 89' lang='lat' dir='ltr'>cunr</span> <span class='ocrx_word' id='word_1_229' title='bbox 646 3445 706 3507; x_wconf 77' lang='lat' dir='ltr'>leri</span> <span class='ocrx_word' id='word_1_230' title='bbox 729 3457 883 3509; x_wconf 86' lang='lat' dir='ltr'>armatura</span> <span class='ocrx_word' id='word_1_231' title='bbox 902 3469 940 3508; x_wconf 89' lang='lat' dir='ltr'>ex</span> <span class='ocrx_word' id='word_1_232' title='bbox 963 3447 1229 3518; x_wconf 78' lang='lat' dir='ltr'>adversariorum</span> 
     </span>
     <span class='ocr_line' id='line_1_31' title="bbox 193 3539 1229 3624; baseline 0.012 -22"><span class='ocrx_word' id='word_1_233' title='bbox 193 3539 301 3602; x_wconf 88' lang='lat' dir='ltr'>castris</span> <span class='ocrx_word' id='word_1_234' title='bbox 320 3539 360 3602; x_wconf 90' lang='lat' dir='ltr'>ad</span> <span class='ocrx_word' id='word_1_235' title='bbox 378 3563 434 3602; x_wconf 88' lang='lat' dir='ltr'>nos</span> <span class='ocrx_word' id='word_1_236' title='bbox 453 3540 695 3623; x_wconf 85' lang='lat' dir='ltr'>transfugerunt.</span> <span class='ocrx_word' id='word_1_237' title='bbox 741 3550 772 3602; x_wconf 91' lang='lat' dir='ltr'>et</span> <span class='ocrx_word' id='word_1_238' title='bbox 789 3563 826 3602; x_wconf 89' lang='lat' dir='ltr'>eo</span> <span class='ocrx_word' id='word_1_239' title='bbox 845 3552 982 3624; x_wconf 87' lang='lat' dir='ltr'>tempore</span> <span class='ocrx_word' id='word_1_240' title='bbox 1006 3543 1144 3611; x_wconf 88' lang='lat' dir='ltr'>circiter</span> <span class='ocrx_word' id='word_1_241' title='bbox 1160 3550 1229 3613; x_wconf 81' lang='lat' dir='ltr'>XL</span> 
     </span>
     <span class='ocr_line' id='line_1_32' title="bbox 192 3633 1230 3714; baseline 0.012 -18"><span class='ocrx_word' id='word_1_242' title='bbox 192 3633 310 3714; x_wconf 89' lang='lat' dir='ltr'>equites</span> <span class='ocrx_word' id='word_1_243' title='bbox 329 3633 369 3695; x_wconf 92' lang='lat' dir='ltr'>ad</span> <span class='ocrx_word' id='word_1_244' title='bbox 387 3645 549 3714; x_wconf 88' lang='lat' dir='ltr'>aquatores</span> <span class='ocrx_word' id='word_1_245' title='bbox 567 3646 689 3696; x_wconf 88' lang='lat' dir='ltr'>uestros</span> <span class='ocrx_word' id='word_1_246' title='bbox 709 3647 962 3708; x_wconf 85' lang='lat' dir='ltr'>excucurrerunt,</span> <span class='ocrx_word' id='word_1_247' title='bbox 981 3641 1165 3706; x_wconf 90' lang='lat' dir='ltr'>nonnullos</span> <span class='ocrx_word' id='word_1_248' title='bbox 1184 3645 1230 3707; x_wconf 90' lang='lat' dir='ltr'>iu-</span> 
     </span>
     <span class='ocr_line' id='line_1_33' title="bbox 192 3726 1228 3821; baseline 0.01 -32"><span class='ocrx_word' id='word_1_249' title='bbox 192 3726 392 3800; x_wconf 82' lang='lat' dir='ltr'>terfecerunt,</span> <span class='ocrx_word' id='word_1_250' title='bbox 420 3727 492 3789; x_wconf 92' lang='lat' dir='ltr'>item</span> <span class='ocrx_word' id='word_1_251' title='bbox 512 3726 588 3789; x_wconf 89' lang='lat' dir='ltr'>alios</span> <span class='ocrx_word' id='word_1_252' title='bbox 608 3727 695 3789; x_wconf 77' lang='lat' dir='ltr'>vivos</span> <span class='ocrx_word' id='word_1_253' title='bbox 719 3727 929 3805; x_wconf 83' lang='lat' dir='ltr'>abduxerunt3</span> <span class='ocrx_word' id='word_1_254' title='bbox 956 3752 973 3791; x_wconf 94' lang='lat' dir='ltr'>e</span> <span class='ocrx_word' id='word_1_255' title='bbox 995 3731 1124 3810; x_wconf 89' lang='lat' dir='ltr'>quibus</span> <span class='ocrx_word' id='word_1_256' title='bbox 1145 3737 1228 3821; x_wconf 88' lang='lat' dir='ltr'>eapti</span> 
     </span>
     <span class='ocr_line' id='line_1_34' title="bbox 193 3818 1229 3914; baseline 0.011 -32"><span class='ocrx_word' id='word_1_257' title='bbox 193 3831 264 3882; x_wconf 91' lang='lat' dir='ltr'>sunt</span> <span class='ocrx_word' id='word_1_258' title='bbox 287 3820 404 3901; x_wconf 89' lang='lat' dir='ltr'>equites</span> <span class='ocrx_word' id='word_1_259' title='bbox 424 3818 515 3882; x_wconf 87' lang='lat' dir='ltr'>VIII.</span> <span class='ocrx_word' id='word_1_260' title='bbox 561 3820 735 3901; x_wconf 89' lang='lat' dir='ltr'>insequenti</span> <span class='ocrx_word' id='word_1_261' title='bbox 758 3822 807 3884; x_wconf 94' lang='lat' dir='ltr'>die</span> <span class='ocrx_word' id='word_1_262' title='bbox 827 3821 995 3905; x_wconf 87' lang='lat' dir='ltr'>Pompeius</span> <span class='ocrx_word' id='word_1_263' title='bbox 1021 3830 1134 3891; x_wconf 89' lang='lat' dir='ltr'>securi</span> <span class='ocrx_word' id='word_1_264' title='bbox 1159 3853 1229 3914; x_wconf 89' lang='lat' dir='ltr'>per·</span> 
     </span>
     <span class='ocr_line' id='line_1_35' title="bbox 192 3912 1260 3996; baseline 0.013 -20"><span class='ocrx_word' id='word_1_265' title='bbox 192 3914 289 3976; x_wconf 88' lang='lat' dir='ltr'>cussit</span> <span class='ocrx_word' id='word_1_266' title='bbox 315 3913 455 3977; x_wconf 91' lang='lat' dir='ltr'>homines</span> <span class='ocrx_word' id='word_1_267' title='bbox 478 3912 666 3990; x_wconf 83' lang='lat' dir='ltr'>LXXIIII,</span> <span class='ocrx_word' id='word_1_268' title='bbox 693 3915 746 3996; x_wconf 95' lang='lat' dir='ltr'>qui</span> <span class='ocrx_word' id='word_1_269' title='bbox 773 3915 954 3979; x_wconf 87' lang='lat' dir='ltr'>dicebantur</span> <span class='ocrx_word' id='word_1_270' title='bbox 980 3938 1053 3980; x_wconf 91' lang='lat' dir='ltr'>csse</span> <span class='ocrx_word' id='word_1_271' title='bbox 1077 3921 1228 3987; x_wconf 83' lang='lat' dir='ltr'>fautores</span> <span class='ocrx_word' id='word_1_272' title='bbox 1252 3925 1260 3991; x_wconf 78' lang='lat'>&#39;.</span> 
     </span>
     <span class='ocr_line' id='line_1_36' title="bbox 194 4005 1256 4094; baseline 0.012 -24"><span class='ocrx_word' id='word_1_273' title='bbox 194 4005 338 4070; x_wconf 85' lang='lat' dir='ltr'>Caesaris</span> <span class='ocrx_word' id='word_1_274' title='bbox 358 4008 512 4083; x_wconf 73' lang='lat' dir='ltr'>uictoriae,</span> <span class='ocrx_word' id='word_1_275' title='bbox 532 4008 665 4090; x_wconf 89' lang='lat' dir='ltr'>reliquos</span> <span class='ocrx_word' id='word_1_276' title='bbox 681 4032 803 4073; x_wconf 83' lang='lat' dir='ltr'>versum</span> <span class='ocrx_word' id='word_1_277' title='bbox 818 4011 965 4094; x_wconf 90' lang='lat' dir='ltr'>oppidum</span> <span class='ocrx_word' id='word_1_278' title='bbox 979 4012 1072 4076; x_wconf 92' lang='lat' dir='ltr'>iussit</span> <span class='ocrx_word' id='word_1_279' title='bbox 1089 4017 1227 4093; x_wconf 80' lang='lat' dir='ltr'>deduei3</span> <span class='ocrx_word' id='word_1_280' title='bbox 1253 4062 1256 4069; x_wconf 88' lang='lat'>·</span> 
     </span>
     <span class='ocr_line' id='line_1_37' title="bbox 193 4100 1226 4185; baseline 0.013 -23"><span class='ocrx_word' id='word_1_281' title='bbox 193 4123 232 4163; x_wconf 83' lang='lat' dir='ltr'>ex</span> <span class='ocrx_word' id='word_1_282' title='bbox 257 4100 370 4182; x_wconf 91' lang='lat' dir='ltr'>quibus</span> <span class='ocrx_word' id='word_1_283' title='bbox 397 4102 571 4185; x_wconf 84' lang='lat' dir='ltr'>effugerunt</span> <span class='ocrx_word' id='word_1_284' title='bbox 600 4102 702 4165; x_wconf 79' lang='lat' dir='ltr'>CXX</span> <span class='ocrx_word' id='word_1_285' title='bbox 728 4114 758 4166; x_wconf 90' lang='lat' dir='ltr'>et</span> <span class='ocrx_word' id='word_1_286' title='bbox 789 4104 828 4166; x_wconf 91' lang='lat' dir='ltr'>ad</span> <span class='ocrx_word' id='word_1_287' title='bbox 856 4104 1024 4167; x_wconf 81' lang='lat' dir='ltr'>Caesarem</span> <span class='ocrx_word' id='word_1_288' title='bbox 1053 4130 1226 4175; x_wconf 85' lang='lat' dir='ltr'>venerunt.</span> 
     </span>
    </p>

    <p class='ocr_par' dir='ltr' id='par_1_5' title="bbox 142 4193 1227 4566">
     <span class='ocr_line' id='line_1_38' title="bbox 142 4193 1227 4284; baseline 0.008 -24"><span class='ocrx_word' id='word_1_289' title='bbox 142 4214 173 4260; x_wconf 80' lang='lat'>⁴22</span> <span class='ocrx_word' id='word_1_290' title='bbox 193 4193 252 4256; x_wconf 87' lang='lat' dir='ltr'>lroc</span> <span class='ocrx_word' id='word_1_291' title='bbox 278 4195 441 4277; x_wconf 77' lang='lat' dir='ltr'>puteterito</span> <span class='ocrx_word' id='word_1_292' title='bbox 468 4208 621 4279; x_wconf 89' lang='lat' dir='ltr'>tempore,</span> <span class='ocrx_word' id='word_1_293' title='bbox 648 4197 702 4278; x_wconf 93' lang='lat' dir='ltr'>qui</span> <span class='ocrx_word' id='word_1_294' title='bbox 728 4199 758 4260; x_wconf 91' lang='lat' dir='ltr'>iu</span> <span class='ocrx_word' id='word_1_295' title='bbox 785 4199 899 4282; x_wconf 90' lang='lat' dir='ltr'>oppidu</span> <span class='ocrx_word' id='word_1_296' title='bbox 922 4197 1051 4284; x_wconf 79' lang='lat' dir='ltr'>Ategua</span> <span class='ocrx_word' id='word_1_297' title='bbox 1074 4201 1227 4271; x_wconf 75' lang='lat' dir='ltr'>Ursaro-</span> 
     </span>
     <span class='ocr_line' id='line_1_39' title="bbox 193 4289 1226 4375; baseline 0.015 -26"><span class='ocrx_word' id='word_1_298' title='bbox 193 4309 304 4350; x_wconf 90' lang='lat' dir='ltr'>nenses</span> <span class='ocrx_word' id='word_1_299' title='bbox 328 4289 410 4372; x_wconf 90' lang='lat' dir='ltr'>capti</span> <span class='ocrx_word' id='word_1_300' title='bbox 437 4300 522 4365; x_wconf 90' lang='lat' dir='ltr'>sunt,</span> <span class='ocrx_word' id='word_1_301' title='bbox 550 4290 644 4374; x_wconf 83' lang='lat' dir='ltr'>legati</span> <span class='ocrx_word' id='word_1_302' title='bbox 670 4292 799 4374; x_wconf 86' lang='lat' dir='ltr'>profecti</span> <span class='ocrx_word' id='word_1_303' title='bbox 822 4306 894 4355; x_wconf 90' lang='lat' dir='ltr'>sunt</span> <span class='ocrx_word' id='word_1_304' title='bbox 916 4315 986 4356; x_wconf 90' lang='lat' dir='ltr'>eum</span> <span class='ocrx_word' id='word_1_305' title='bbox 1009 4298 1151 4375; x_wconf 88' lang='lat' dir='ltr'>nostris,</span> <span class='ocrx_word' id='word_1_306' title='bbox 1181 4300 1226 4363; x_wconf 90' lang='lat' dir='ltr'>uti</span> 
     </span>
     <span class='ocr_line' id='line_1_40' title="bbox 193 4381 1226 4470; baseline 0.015 -29"><span class='ocrx_word' id='word_1_307' title='bbox 193 4402 259 4442; x_wconf 90' lang='lat' dir='ltr'>rem</span> <span class='ocrx_word' id='word_1_308' title='bbox 277 4391 397 4464; x_wconf 83' lang='lat' dir='ltr'>gestam</span> <span class='ocrx_word' id='word_1_309' title='bbox 416 4381 690 4447; x_wconf 83' lang='lat' dir='ltr'>Ursavonensibus</span> <span class='ocrx_word' id='word_1_310' title='bbox 708 4385 870 4461; x_wconf 84' lang='lat' dir='ltr'>referrent,</span> <span class='ocrx_word' id='word_1_311' title='bbox 897 4387 972 4468; x_wconf 93' lang='lat' dir='ltr'>quid</span> <span class='ocrx_word' id='word_1_312' title='bbox 996 4404 1168 4470; x_wconf 88' lang='lat' dir='ltr'>sperarent</span> <span class='ocrx_word' id='word_1_313' title='bbox 1185 4395 1226 4457; x_wconf 92' lang='lat' dir='ltr'>dc</span> 
     </span>
     <span class='ocr_line' id='line_1_41' title="bbox 195 4472 1226 4566; baseline 0.016 -30"><span class='ocrx_word' id='word_1_314' title='bbox 195 4472 253 4536; x_wconf 78' lang='lat' dir='ltr'>Cn.</span> <span class='ocrx_word' id='word_1_315' title='bbox 274 4473 438 4559; x_wconf 85' lang='lat' dir='ltr'>Pompeio,</span> <span class='ocrx_word' id='word_1_316' title='bbox 466 4498 536 4539; x_wconf 90' lang='lat' dir='ltr'>eum</span> <span class='ocrx_word' id='word_1_317' title='bbox 560 4477 698 4540; x_wconf 89' lang='lat' dir='ltr'>viderent</span> <span class='ocrx_word' id='word_1_318' title='bbox 720 4478 857 4563; x_wconf 88' lang='lat' dir='ltr'>hospites</span> <span class='ocrx_word' id='word_1_319' title='bbox 880 4480 1025 4565; x_wconf 85' lang='lat' dir='ltr'>iugulari,</span> <span class='ocrx_word' id='word_1_320' title='bbox 1054 4502 1226 4566; x_wconf 87' lang='lat' dir='ltr'>praetereo</span> 
     </span>
    </p>
   </div>
   <div class='ocr_carea' id='block_1_3' title="bbox 0 0 1374 5272">
    <p class='ocr_par' dir='ltr' id='par_1_6' title="bbox 0 0 1374 5272">
     <span class='ocr_line' id='line_1_42' title="bbox 0 0 1374 5272; baseline 0 0"><span class='ocrx_word' id='word_1_321' title='bbox 0 0 1374 5272; x_wconf 95' lang='lat' dir='ltr'> </span> 
     </span>
    </p>
   </div>
  </div>
 </body>
</html>
