2692 5206
469 826 585 884 COMM.
602 830 624 883 1.
640 830 761 885 ott-sa
1083 821 1123 884 27

97 951 337 1040 generatimque
358 952 582 1017 constituemnt
604 952 731 1037 paribus
756 953 938 1032 intervallis,
965 954 1122 1032 Harudes,

98 1045 339 1123 Marcomanos,
362 1043 527 1122 Triboces,
550 1044 746 1132 Vangiones,
768 1045 930 1124 Nemetes,
959 1045 1121 1124 Sedusios,

100 1138 245 1217 Suebos,
270 1160 458 1223 omnemque
479 1139 578 1204 aciem
601 1163 690 1205 suam
716 1140 799 1205 redis
823 1152 854 1205 et
876 1142 970 1205 carris
992 1141 1124 1206 eircum-

99 1233 265 1310 dederunt,
283 1254 324 1298 ne
341 1254 405 1316 qua
421 1254 493 1317 spes
511 1233 544 1296 in
561 1233 640 1319 fuga
657 1234 888 1317 relinqueretur.
924 1257 962 1299 eo
978 1234 1123 1298 mulieres

100 1328 333 1413 imposuerunt,
356 1348 436 1410 quae
453 1327 487 1390 in
503 1327 656 1412 proelium
673 1328 905 1413 proficiscentes
921 1328 1034 1393 milites
1051 1349 1124 1413 pas-
1200 1370 1202 1375 -

100 1422 147 1486 sis
164 1421 311 1487 manibus
329 1419 438 1485 flentes
455 1421 677 1505 implorabant,
698 1444 738 1486 ne
757 1445 791 1486 se
808 1423 841 1486 in
864 1422 1043 1487 servitutem
1058 1421 1124 1487 Ro-

100 1516 204 1581 manis
223 1516 387 1580 traderent.
433 1513 551 1580 Caesar
573 1516 704 1602 singulis
725 1515 901 1603 legionibus
924 1516 1063 1603 singrdos
1080 1515 1124 1580 le·
1142 1535 1174 1584 52

100 1620 196 1695 gatos
213 1622 244 1674 et
261 1620 458 1694 quaestorem
474 1609 633 1694 praefecit,
652 1610 697 1674 uti
715 1631 769 1675 eos
787 1621 883 1675 testes
903 1632 978 1675 suae
991 1610 1124 1694 quisque
1154 1673 1156 1678 .

101 1702 228 1767 uirtutis
250 1702 394 1781 haberet3
419 1703 488 1787 ipse
510 1727 529 1767 a
551 1703 661 1768 dextro
678 1726 788 1781 cornu,
815 1705 900 1788 quod
917 1726 987 1769 cam
1004 1716 1124 1789 partem

100 1796 231 1861 minime
256 1796 378 1860 fflmam
403 1796 541 1861 hostium
567 1819 638 1862 csse
668 1798 941 1875 animadverterat,
971 1796 1124 1882 proelium

100 1890 269 1956 commisit.
299 1889 344 1954 ita
359 1890 457 1956 nostri
474 1891 585 1955 acriter
601 1890 635 1955 in
651 1891 757 1956 hostes
776 1893 866 1978 signo
884 1892 957 1957 dato
974 1892 1125 1976 impetum

101 1983 260 2060 fecerunt,
287 1983 391 2067 itaque
408 1983 515 2049 hostes
532 1995 660 2069 repente
678 1985 878 2069 celeriterque
895 1993 1123 2070 procurrerunt,

100 2088 137 2141 nt
154 2076 290 2162 spatium
307 2076 371 2162 pila
387 2077 420 2141 in
438 2076 544 2142 hostes
562 2079 734 2143 coniciendi
751 2102 815 2144 non
832 2079 966 2143 daretur.
1001 2077 1124 2143 reiectis

99 2170 184 2257 pilis,
203 2171 376 2235 comminus
393 2169 507 2256 gladiis
524 2183 698 2257 pugnatum
715 2183 772 2237 est.
817 2183 849 2237 at
867 2169 1027 2249 Germani,
1045 2170 1125 2236 eole-

99 2264 178 2329 riter
194 2285 235 2329 ex
251 2265 475 2329 consuetudine
493 2287 551 2329 sua
571 2264 728 2352 phalange
750 2267 835 2331 facta
851 2266 986 2351 impetus
1003 2264 1125 2351 gladio-

99 2380 173 2423 rum
195 2368 392 2444 exceperunt.
440 2359 554 2443 reperti
577 2371 649 2424 sunt
675 2360 849 2446 complures
875 2360 974 2425 nostri
999 2359 1122 2434 milites,

99 2452 157 2535 qui
172 2452 207 2516 in
223 2450 397 2537 phalangas
415 2452 566 2516 insilirent
584 2463 615 2518 et
632 2464 722 2518 scuta
738 2453 883 2518 manibus
896 2452 1080 2517 revellerent
1094 2463 1125 2515 et

100 2546 143 2610 de
160 2566 275 2630 supero
291 2544 497 2610 vulnerarent.
525 2568 597 2610 cum
610 2546 747 2611 hostium
760 2548 843 2612 acies
858 2571 877 2611 a
890 2547 1015 2611 sinistro
1029 2567 1125 2610 cornu

99 2638 195 2725 pulsa
211 2653 304 2722 atque
321 2639 355 2702 in
368 2638 477 2725 lugam
491 2661 642 2705 conversa
655 2651 748 2719 esset,
767 2664 786 2704 a
799 2641 908 2704 dextro
922 2662 1018 2704 comu
1031 2639 1125 2703 vohe-

100 2744 222 2798 menter
239 2732 435 2797 multitudine
453 2756 581 2798 suorum
598 2744 736 2798 nostram
754 2735 853 2798 aciem
870 2732 1061 2817 premebant.
1093 2733 1125 2795 id

99 2848 175 2893 curn
188 2825 458 2891 animadvertisset
466 2827 599 2892 Publius
610 2825 746 2893 Crassus
760 2828 954 2903 adulescens,
972 2827 1025 2909 qui
1040 2825 1125 2907 cqui-

99 2921 181 2985 tatui
201 2930 358 3005 praeerat,
384 2922 469 3003 quod
491 2922 665 3007 expeditior
687 2931 752 2986 erat
778 2944 873 3005 qnam
894 2920 941 2997 hi,
969 2920 1024 3003 qui
1045 2921 1126 2983 inter

99 3016 203 3080 aciem
232 3013 450 3094 versabantur,
485 3016 606 3080 tertiam
637 3016 737 3081 aciem
766 3014 980 3081 laborantibus
1010 3014 1124 3077 nostris

101 3108 244 3175 subsidio
261 3108 355 3173 misit.
398 3109 443 3174 ita
459 3110 611 3195 proelium
629 3110 806 3175 restitutum
824 3119 886 3186 est,
904 3118 997 3191 atque
1016 3128 1124 3171 omnes
1143 3126 1175 3173 53

99 3203 208 3268 hostes
234 3213 324 3288 terga
353 3213 510 3268 verterunt
538 3225 640 3288 neque
670 3204 756 3289 prius
788 3203 898 3289 fugere
929 3201 1123 3277 destiterunt,

99 3318 197 3381 quam
213 3295 256 3361 ad
275 3297 392 3361 flumen
409 3297 557 3361 Rhenum
579 3297 665 3361 milia
685 3320 837 3382 passuum
858 3319 899 3360 ex
921 3318 957 3360 eo
979 3294 1049 3359 loco
1067 3295 1125 3359 cir-

99 3390 179 3455 citer
194 3390 334 3475 quinque
350 3402 567 3476 pervenerunt.
611 3390 655 3455 ibi
677 3390 825 3476 perpauci
843 3400 897 3454 aut
914 3389 1032 3454 viribus
1052 3411 1125 3453 eon-

100 3484 153 3549 fisi
169 3495 292 3550 tranare
309 3485 533 3551 contenderunt
550 3495 603 3549 aut
616 3484 759 3550 lintribus
772 3485 905 3549 inventis
920 3484 980 3548 sibi
993 3483 1125 3548 salutem

100 3589 291 3664 repererunt.
334 3580 367 3643 in
384 3580 434 3645 his
451 3579 512 3644 fuit
529 3577 723 3657 Ariovistus,
742 3580 795 3662 qui
813 3578 989 3643 naviculam
1007 3577 1126 3662 deliga-

101 3686 166 3737 :am
183 3672 225 3737 ud
242 3674 342 3758 ripum
359 3684 469 3739 nactus
491 3695 530 3738 ca
546 3672 698 3759 profugit:
725 3673 861 3755 reliquos
884 3694 992 3736 omnes
1016 3692 1125 3734 conse-

101 3766 165 3832 cuti
187 3766 309 3851 equites
329 3769 427 3833 nostri
449 3767 678 3832 interfecerunt.
723 3767 804 3831 duae
826 3766 951 3830 fuerunt
973 3763 1124 3828 Ariovisti

101 3881 232 3937 uxores,
263 3882 327 3925 una
344 3858 453 3927 Sueba
469 3861 608 3937 natione,
636 3882 731 3944 quam
748 3860 841 3924 domo
860 3881 966 3924 secum
984 3858 1124 3932 duxerat,

102 3952 201 4019 altera
216 3952 340 4033 Norica,
358 3954 442 4040 mgis
452 3953 620 4019 Voccionis
640 3976 735 4030 soror,
755 3976 849 4037 quam
862 3953 896 4016 in
910 3950 1015 4018 Gallia
1028 3951 1125 4014 duxe-

102 4058 149 4111 rat
166 4070 189 4112 a
203 4047 301 4112 fratre
317 4049 460 4113 missam:
479 4060 628 4131 utraeque
646 4049 679 4111 in
697 4069 734 4112 ea
751 4048 828 4132 fuga
845 4047 1011 4131 perierunt.
1044 4045 1124 4108 duae

102 4142 185 4209 filine
201 4142 324 4221 harum,
342 4143 439 4209 altera
456 4143 569 4219 occisa,
588 4143 685 4206 altera
702 4154 794 4226 capta
811 4152 867 4205 est.
914 4138 1013 4205 Gaius
1031 4138 1125 4204 Valc-

101 4236 167 4303 rius
188 4235 360 4315 Procillus,
387 4259 459 4302 cum
487 4260 506 4301 a
532 4235 715 4301 custodibus
741 4236 774 4298 in
795 4235 873 4319 fuga
894 4235 982 4299 trinis
1009 4235 1124 4299 catenis

100 4331 226 4397 vinetus
253 4331 438 4408 traheretur,
470 4330 503 4395 in
527 4331 632 4416 ipsum
661 4328 830 4395 Caesarem
861 4329 960 4393 hostis
988 4330 1126 4413 equitatu

100 4435 343 4511 persequentem
359 4425 476 4490 incidit
508 4447 589 4508 quae
607 4425 733 4508 quidem
746 4446 796 4488 res
811 4422 940 4487 Caesari
952 4446 1014 4487 non
1027 4424 1126 4486 mino-

99 4542 167 4585 rem
185 4541 282 4603 quam
299 4520 369 4606 ipsa
385 4520 516 4585 victoria
533 4520 723 4604 voluptatem
742 4516 852 4594 attulit,
871 4517 955 4600 quod
968 4517 1126 4581 hominem

99 4612 358 4681 honestissimum
384 4615 563 4701 provinciae
590 4611 726 4690 Galliae,
758 4635 849 4678 suum
880 4611 1064 4676 santiliarem
1094 4620 1126 4672 et
1225 4664 1228 4669 .
