2692 5206
437 779 554 835 OOMM.
572 778 637 835 v11.
656 779 777 835 27-32.
1051 768 1111 834 127

87 925 189 988 quam
205 901 376 988 placuisse,
394 901 566 967 Avaricum
583 903 722 980 defendi,
745 904 834 969 ouius
851 905 896 969 rei
912 914 1008 970 testes
1025 906 1111 991 ipsos

89 996 237 1073 haberet3
264 996 321 1061 sed
337 996 455 1061 factum
472 997 680 1083 imprudentia
697 998 875 1085 Biturigum
896 1010 927 1063 ot
944 999 1040 1065 nimia
1057 999 1113 1064 ob-

91 1091 259 1177 sequentia
277 1091 481 1175 reliquerum,
508 1093 554 1157 uti
575 1093 635 1158 hoc
660 1094 891 1158 incommodum
912 1095 1111 1180 acciperetur.

90 1186 125 1251 id
151 1197 257 1251 tamen
287 1207 322 1251 se
352 1186 491 1251 celeriter
520 1188 689 1253 maioribus
720 1187 891 1252 commodis
922 1199 1111 1253 sanaturum.

90 1302 168 1345 nam
183 1301 265 1365 quae
281 1279 322 1345 ab
339 1280 465 1365 reliquis
480 1279 580 1346 Gallis
599 1282 739 1347 civitates
758 1282 965 1361 dissentirent,
984 1282 1041 1348 has
1055 1306 1113 1348 sua

91 1374 258 1460 diligentia
274 1373 490 1439 adiuncturum
511 1384 604 1457 atque
621 1399 719 1440 unum
742 1376 905 1442 consilium
923 1376 1017 1442 totius
1036 1374 1113 1443 Gal·
1140 1370 1143 1375 ’

90 1467 154 1533 liae
170 1468 365 1546 effectarum,
384 1468 472 1533 euius
490 1490 644 1534 consensu
660 1492 700 1535 ne
718 1469 802 1536 orbis
820 1471 946 1554 quidem
963 1481 1111 1536 terrarum

90 1562 194 1648 possit
210 1561 375 1640 obsistere3
393 1562 487 1647 idque
505 1585 539 1628 se
556 1586 654 1650 prope
670 1565 734 1629 iam
751 1564 898 1629 effectum
915 1563 1040 1629 habere.
1067 1565 1113 1628 in·
1187 1640 1190 1646 Ι

92 1668 180 1721 terea
196 1678 332 1740 aequum
350 1678 434 1734 esse,
462 1656 501 1722 ab
522 1658 561 1723 iis
580 1658 753 1723 communis
777 1659 886 1723 salutis
904 1680 999 1723 eausa
1015 1659 1114 1744 impe-

91 1751 178 1827 trari,
196 1760 232 1814 ut
248 1761 350 1816 eastra
365 1751 486 1816 munire
503 1751 707 1830 instituerent,
725 1774 787 1836 quo
800 1753 923 1817 facilius
936 1753 1112 1837 repentinos

92 1843 233 1909 bostium
249 1844 383 1931 impetus
402 1845 597 1910 sustinerent.
625 1845 685 1910 suit
701 1846 780 1911 haec
797 1847 894 1911 oratio
911 1868 974 1911 non
991 1846 1113 1931 ingrata
1131 1865 1163 1913 3ο

93 1934 212 2015 Gallis,
239 1948 271 2003 et
287 1939 435 2016 maxime,
462 1940 546 2023 quod
563 1940 631 2025 ipse
648 1940 752 2005 animo
770 1963 831 2005 non
849 1939 1006 2006 defecerat
1027 1949 1113 2005 tanto

92 2042 225 2118 accepto
244 2032 455 2111 incommodo,
482 2056 583 2118 neque
605 2057 639 2100 se
660 2036 693 2099 in
715 2035 870 2100 occultum
896 2035 1058 2101 abdiderat
1082 2047 1113 2100 et

83 2137 299 2214 conspectum
324 2128 530 2194 multitudinis
557 2129 693 2215 fugeras
723 2130 857 2215 plusque
881 2130 985 2196 animo
1010 2131 1114 2216 provi·

91 2221 169 2287 dere
186 2232 219 2287 et
234 2223 424 2307 praesentire
441 2223 690 2302 existimabatur,
718 2225 802 2308 quod
819 2248 853 2289 re
874 2224 996 2310 integra
1011 2225 1112 2309 primo

91 2315 325 2381 incendendum
340 2316 522 2395 Avaricum,
540 2329 613 2402 post
629 2319 835 2383 deserendum
853 2328 1024 2384 censuerat.
1055 2319 1113 2383 ita-

90 2431 156 2495 que
172 2420 210 2474 nt
225 2410 414 2494 reliquorum
430 2412 651 2497 imperatorum
668 2435 718 2477 res
737 2414 887 2477 adversae
900 2413 1113 2478 auctoritatem

92 2504 254 2582 minuunt,
280 2505 326 2570 sic
343 2505 435 2570 huius
457 2528 496 2571 ex
514 2508 666 2571 contrario
688 2507 823 2593 dignitas
844 2506 1040 2571 incommodo
1062 2528 1113 2570 ao-

92 2608 186 2685 cepto
208 2600 242 2664 in
263 2600 330 2665 dies
352 2600 532 2686 augebatur.
577 2602 669 2665 simul
691 2602 724 2665 in
746 2624 834 2687 spem
856 2600 1021 2666 veniebant
1046 2601 1113 2665 eius

92 2693 301 2760 affirmatione
322 2694 361 2758 de
382 2694 507 2778 reliquis
526 2695 730 2781 adiungendis
749 2693 939 2770 civitatibus3
965 2694 1115 2779 primum-

92 2811 158 2875 que
186 2811 225 2855 eo
251 2799 388 2874 tempore
410 2785 494 2854 Galli
520 2800 622 2854 castra
647 2789 767 2853 munire
792 2789 991 2852 instituerunt
1012 2798 1043 2851 et
1069 2788 1115 2852 sic

92 2892 169 2949 sunt
203 2882 306 2948 animo
344 2884 545 2959 consternati,
584 2883 726 2947 homines
761 2882 875 2946 insueti
909 2879 1039 2958 laboris,
1081 2889 1114 2944 ut

93 2977 215 3055 omnia,
246 2998 326 3061 quae
351 2977 589 3062 imperarentur,
618 2976 678 3041 sibi
703 2975 850 3062 patienda
875 2985 906 3040 et
930 2973 1114 3061 perferenda

92 3071 318 3137 existimarent
362 3093 420 3135 nec
437 3072 553 3147 minus,
577 3093 671 3154 quarn
689 3082 737 3136 est
753 3070 924 3156 pollicitus,
943 3068 1113 3154 Vercinge·
1132 3090 1162 3135 31

93 3165 178 3232 torix
203 3165 307 3230 animo
332 3163 507 3242 laborabat,
533 3176 568 3229 ut
592 3165 728 3248 reliquas
755 3165 896 3229 eititates
923 3162 1113 3248 adiungeret,

91 3273 191 3345 atque
211 3282 265 3325 eas
292 3260 381 3325 donis
408 3260 743 3345 pollicitationibusque
769 3258 932 3324 alliciebat.
976 3258 1049 3322 huic
1069 3258 1115 3322 rei

93 3355 228 3420 idoneos
245 3354 387 3419 homines
405 3354 575 3440 deligebat,
603 3377 733 3438 quorum
751 3354 883 3437 quisque
905 3363 959 3416 aut
976 3352 1114 3418 oratione

94 3448 231 3515 subdola
247 3459 300 3513 aut
317 3449 453 3513 amicitia
469 3449 616 3513 facillime
634 3470 744 3533 capere
762 3458 878 3532 posset.
905 3446 959 3530 qui
976 3445 1114 3511 Avarico

93 3553 276 3631 expugnato
309 3542 503 3629 refugerant,
542 3542 708 3607 armandos
743 3541 982 3624 vestiendosque
1013 3551 1113 3615 curat3

94 3637 191 3704 simul
206 3647 243 3701 ut
259 3636 435 3701 deminutae
453 3637 560 3721 copiae
577 3637 873 3722 redintegrarentur,
900 3635 1032 3719 imperat
1049 3654 1114 3696 cer·

93 3744 162 3798 tum
183 3753 348 3796 nnmerum
370 3731 503 3795 militum
529 3730 720 3806 civitatibus,
746 3751 839 3813 quem
866 3738 897 3793 et
922 3751 1016 3813 quam
1043 3736 1114 3790 ante

94 3826 179 3892 diem
194 3826 230 3890 in
246 3836 348 3890 eastra
364 3825 477 3893 adduci
490 3825 574 3902 velit,
593 3824 830 3910 sagittariosque
845 3845 963 3900 omnes,
982 3844 1113 3904 quorum

94 3931 161 3985 erat
177 3941 367 4006 permagnus
385 3941 532 3983 numerus
550 3920 583 3984 in
597 3917 709 3996 Gallia,
728 3918 867 4001 conquiri
885 3928 916 3982 et
933 3917 973 3980 ad
988 3939 1021 3981 se
1036 3916 1115 3980 mitti

96 4013 192 4080 iubet.
235 4013 286 4079 his
311 4013 404 4079 rebus
432 4014 571 4079 celeriter
595 4014 642 4090 id,
669 4014 753 4096 quod
778 4012 907 4077 Avarici
933 4011 1113 4097 deperierat,

95 4108 247 4195 expletur.
291 4108 413 4173 interim
431 4108 645 4185 Teutomatus,
666 4106 859 4173 Olloviconis
877 4107 970 4184 filius,
987 4128 1043 4170 rex
1060 4105 1115 4170 Ni-

96 4202 278 4288 tiobrigum,
305 4203 394 4267 cuius
410 4212 499 4287 pater
516 4201 556 4267 ab
579 4213 689 4267 senatu
710 4211 817 4266 nostro
840 4202 959 4265 amicus
977 4210 1043 4265 erat
1060 4222 1114 4286 ap-

96 4296 238 4383 pellatus,
257 4318 330 4362 eum
347 4319 461 4383 magno
479 4297 619 4380 equitum
637 4320 764 4362 suorum
783 4317 911 4361 numero
929 4305 960 4360 et
977 4317 1055 4378 quos
1075 4317 1114 4358 ox

95 4390 269 4476 Aquitania
291 4391 481 4455 conduxerat
502 4391 543 4456 ad
564 4414 636 4455 eum
657 4391 805 4476 pervenit.
850 4389 969 4455 Caesar
985 4388 1162 4454 Avaritiae

97 4483 273 4570 complures
295 4484 362 4549 dies
385 4495 595 4550 commoratus
617 4507 833 4567 amnmamque
850 4483 894 4549 ibi
911 4484 1033 4569 copiam
1050 4482 1114 4546 fru-

96 4580 193 4647 menti
215 4590 247 4645 et
266 4579 377 4664 reliqui
395 4591 585 4646 commeatus
608 4591 738 4646 nanctus
761 4580 929 4645 exercitum
951 4601 991 4644 ex
1008 4576 1112 4641 labore
