2692 5206
454 800 572 857 COMM.
589 803 626 858 Π.
644 803 763 858 etr-33.
1074 790 1114 854 41

93 938 128 993 et
144 926 394 1012 appropinquare
411 926 573 991 moenibus
592 927 744 1004 viderunt,
763 948 845 991 nova
861 937 953 1010 atque
971 927 1118 992 inusitata

93 1023 202 1106 specie
225 1021 371 1085 commoti
394 1020 514 1106 legatos
537 1021 577 1085 ad
601 1020 770 1086 Caesarem
793 1020 832 1085 dc
857 1043 934 1106 pace
956 1021 1117 1098 miserunt,

94 1117 150 1200 qui
168 1114 311 1179 adhunc
329 1115 457 1178 modum
474 1114 582 1179 locuti:
601 1138 664 1179 non
682 1115 859 1179 existimare
873 1115 1032 1180 Romanos
1050 1115 1117 1179 sine

94 1231 156 1295 ope
175 1207 414 1290 divinabellum
431 1230 553 1294 gerere,
577 1209 630 1292 qui
649 1219 752 1272 tantae
771 1207 941 1273 altitudinis
960 1209 1117 1274 maehina-

95 1304 197 1367 tiones
217 1313 303 1366 tanta
315 1301 470 1366 celeritate
483 1324 665 1387 promovere
678 1312 815 1386 possent,
835 1324 868 1365 se
883 1323 1000 1385 suaque
1014 1303 1118 1367 omnia

96 1420 205 1461 eorum
223 1397 369 1481 potestati
386 1397 563 1481 permittere
581 1396 734 1460 dixerunt.
774 1419 872 1459 unum
888 1405 993 1481 petere
1010 1419 1047 1461 ac
1064 1398 1118 1461 de·

96 1491 231 1576 precari:
251 1490 278 1555 si
292 1491 371 1555 forte
388 1513 445 1575 pro
463 1514 520 1555 sua
533 1491 697 1554 clementia
710 1513 747 1554 ac
760 1490 1005 1567 mansuetudine,
1023 1513 1117 1574 quarn

95 1585 159 1670 ipsi
180 1583 220 1648 ab
243 1584 311 1648 aliis
334 1585 490 1662 audirent,
518 1585 678 1649 statuisset
695 1583 879 1648 Aduatucos
902 1605 972 1648 esse
994 1605 1119 1648 conser—
1154 1657 1157 1663 ‚

96 1678 228 1754 sandes,
247 1700 287 1742 ne
305 1700 339 1743 se
356 1679 451 1742 armis
469 1678 665 1763 despoliaret.
694 1677 753 1742 sibi
772 1700 880 1742 omnes
893 1677 959 1742 fere
971 1676 1118 1742 finitimos

97 1794 170 1837 esse
187 1772 331 1836 inimicos
349 1794 386 1836 ac
405 1794 479 1836 suae
498 1772 603 1836 virtuti
620 1772 773 1850 invidere;
792 1771 941 1854 aquibus
961 1793 994 1836 se
1012 1771 1120 1835 defen·

96 1866 171 1929 dere
189 1865 309 1930 traditis
328 1865 421 1929 armis
439 1888 502 1930 non
519 1874 658 1950 possent.
690 1865 750 1929 sibi
767 1875 933 1950 praestare,
953 1865 980 1929 si
997 1865 1030 1928 in
1048 1886 1119 1927 eum

96 1981 206 2023 casum
224 1959 458 2036 deducerentur,
477 1960 621 2042 quamvis
640 1958 797 2024 fortunam
815 1958 962 2044 apopulo
975 1958 1119 2023 Romano

96 2053 176 2138 pati,
199 2074 294 2136 quam
313 2052 353 2118 ab
370 2052 420 2118 his
437 2075 493 2138 per
511 2054 682 2117 cruciatum
699 2052 843 2129 interfici,
865 2053 945 2116 inter
967 2074 1046 2135 quos
1065 2052 1120 2116 do-

96 2146 208 2211 minari
226 2157 440 2211 consuessent.
484 2147 620 2211 adhaec
639 2146 758 2212 Cacsar
773 2147 945 2231 respondit:
965 2169 999 2210 se
1016 2147 1117 2233 magis
1137 2165 1168 2213 32

97 2240 323 2304 consuetudine
341 2263 399 2305 sua
416 2262 510 2324 quam
527 2241 637 2305 merito
655 2262 761 2304 corum
780 2241 936 2304 civitatem
954 2262 1119 2305 conserva-

97 2345 212 2411 turum,
232 2334 259 2399 si
276 2334 372 2419 prius,
391 2356 486 2418 quam
503 2335 583 2399 aries
602 2357 725 2399 murum
743 2335 911 2421 attigisset,
931 2357 965 2399 se
983 2335 1120 2399 dedidis-

97 2438 182 2493 sent:
209 2427 267 2492 scd
288 2428 453 2493 deditionis
476 2428 593 2492 nullam
614 2450 684 2492 esse
707 2428 920 2493 condicionem
942 2429 1002 2494 nisi
1025 2429 1118 2493 armis

97 2521 231 2585 traditis.
276 2543 310 2585 se
327 2521 374 2598 id,
397 2520 481 2605 quod
498 2522 531 2584 in
548 2521 670 2585 Nerviis
689 2521 829 2598 fecisset,
851 2523 1006 2587 facturum
1027 2522 1120 2586 finiti-

96 2616 221 2698 misque
244 2615 481 2699 imperaturum,
509 2638 548 2678 ne
571 2638 665 2698 qnam
687 2615 839 2679 dediticiis
861 2616 967 2701 populi
985 2616 1118 2681 Romani

97 2709 244 2773 iniuriam
262 2709 419 2773 inferrent.
462 2732 496 2773 re
514 2710 653 2773 nuntiata
671 2709 712 2774 ad
730 2731 814 2784 suos,
831 2732 911 2791 quac
933 2710 1120 2794 imperaren-

98 2816 158 2879 tur,
178 2801 283 2866 faccre
296 2803 448 2866 dixerunt.
472 2825 627 2867 armerum
642 2825 757 2888 magna
769 2802 966 2866 multitudine
980 2803 1018 2866 de
1031 2825 1120 2865 muro

97 2896 132 2960 iu
149 2895 285 2972 fossam,
312 2917 392 2978 quae
410 2905 476 2960 crat
493 2909 564 2960 ante
587 2897 751 2982 oppidum,
778 2896 872 2972 iacta,
901 2896 946 2959 sio
969 2906 1003 2959 ut
1023 2917 1120 2980 prope

98 3013 258 3055 summam
283 2991 364 3055 muri
389 2991 575 3076 aggerisque
606 2991 800 3056 altitudinem
832 2991 935 3055 acervi
965 3013 1120 3054 armornm

99 3086 321 3168 adaequarent,
340 3096 371 3150 et
387 3096 492 3150 tamen
509 3087 629 3151 circiter
646 3096 733 3172 parte
751 3087 854 3163 tertia,
874 3097 908 3149 ut
925 3095 1035 3170 postea
1050 3107 1120 3170 pcr-

99 3193 245 3266 spectum
262 3191 324 3257 est,
352 3180 451 3245 celata
472 3192 565 3264 atquc
587 3183 620 3245 in
638 3182 753 3267 oppido
776 3192 895 3246 retenta
916 3181 1012 3265 portis
1034 3190 1121 3266 pate-

99 3275 194 3340 factis
212 3296 251 3338 eo
268 3274 318 3338 die
335 3296 413 3359 pace
431 3285 502 3338 sunt
521 3276 578 3340 usi.
620 3276 678 3339 sub
696 3299 861 3360 vesperum
881 3274 999 3340 Cacsar
1015 3285 1120 3360 portas
1139 3295 1162 3341 3·

100 3368 205 3434 claudi
226 3367 402 3450 militesque
424 3391 464 3431 ex
486 3369 601 3454 oppido
619 3370 703 3433 exire
721 3370 825 3446 iussit,
853 3392 892 3432 ne
915 3391 1009 3453 quarn
1026 3378 1121 3432 noctu

99 3463 250 3549 oppidani
268 3462 308 3526 ab
325 3461 475 3527 militibus
493 3463 637 3528 iniuriam
655 3464 838 3549 acciperent.
883 3462 928 3527 illi
946 3473 1016 3526 ante
1035 3463 1120 3537 inite,

100 3569 136 3621 ut
153 3555 346 3621 intellectum
365 3566 425 3633 est,
454 3557 597 3633 consilio,
625 3558 709 3640 quod
726 3557 882 3621 deditione
899 3557 982 3621 faeta
999 3565 1121 3619 nostres

100 3650 260 3736 praesidia
278 3650 465 3716 deducturos
484 3661 538 3714 aut
556 3651 690 3734 denique
711 3650 924 3736 indiligentius
947 3658 1121 3713 servaturos

101 3743 308 3820 crediderunt,
322 3744 434 3828 partim
447 3744 586 3821 cumbis,
601 3766 681 3827 quae
693 3744 882 3808 retinuerant
895 3753 925 3807 et
939 3743 1122 3816 celaverant,

102 3837 210 3915 uranie,
223 3838 338 3922 partim
351 3839 447 3902 scutis
462 3861 501 3903 ex
514 3838 627 3902 cortice
640 3837 730 3902 factis
744 3849 798 3902 aut
810 3837 976 3901 viminibus
986 3835 1122 3911 intextis,

103 3954 185 4016 quae
203 3930 317 4008 subito,
335 3941 371 3995 ut
388 3933 535 4017 temporis
554 3933 707 4019 exiguitas
725 3932 912 4018 postulabat,
931 3930 1063 4017 pellibus
1077 3931 1124 3993 in-

104 4026 271 4102 duxerant,
298 4026 388 4089 tertia
412 4026 531 4111 vigilia,
559 4048 621 4109 qua
647 4027 772 4090 minime
794 4027 909 4090 arduus
936 4025 976 4088 ad
1002 4035 1123 4088 nostras

105 4120 295 4184 munitiones
314 4141 462 4184 ascensus
480 4119 658 4196 videbatur,
685 4120 829 4185 omnibus
848 4120 945 4205 copiis
963 4119 1123 4204 repentino

105 4237 145 4278 ex
163 4214 280 4299 oppido
297 4213 491 4298 eruptionem
509 4213 658 4278 fecerunt.
700 4215 846 4290 celeriter,
866 4226 900 4277 ut
917 4225 988 4278 ante
1007 4213 1125 4279 Caesar

106 4309 282 4394 imperarat,
301 4308 428 4394 ignibus
446 4308 671 4395 significatione
684 4309 767 4373 facta
780 4330 819 4372 ex
828 4309 976 4393 proximis
991 4309 1123 4373 castellis

106 4425 144 4468 eo
158 4424 345 4468 coneursum
358 4413 416 4480 est,
434 4413 669 4490 pugnatumque
682 4403 721 4467 ab
735 4403 876 4467 hostibus
890 4403 933 4467 ita
946 4404 1055 4467 acriter
1067 4414 1123 4477 est,

105 4507 141 4560 nt
158 4497 270 4562 oriris
288 4496 421 4563 fortibus
439 4497 473 4560 in
491 4507 629 4561 extrema
647 4518 702 4582 spe
721 4496 828 4561 salutis
846 4497 953 4579 iniquo
970 4497 1038 4560 loco
1052 4518 1125 4559 con-

106 4598 155 4655 tra
176 4613 245 4668 eus,
272 4592 326 4676 qui
348 4614 388 4656 ex
410 4590 491 4656 vallo
513 4590 710 4676 turribusque
733 4590 793 4655 tela
818 4590 966 4669 iacerent,
993 4589 1125 4675 pugnari
