2738 5272
280 748 320 813 18
594 763 647 818 aa
665 761 790 817 nunno
809 758 977 817 oamreo

277 885 397 971 legatos
420 886 558 950 cumbis
576 886 730 950 mandatis
752 885 858 949 mittit:
884 883 1032 968 quoniam
1054 891 1141 947 tauto
1161 903 1220 946 suo
1241 902 1297 966 po-

278 980 404 1064 pulique
426 980 560 1044 Romani
577 979 729 1044 beneficio
747 978 893 1057 affectus,
920 1000 991 1043 eum
1007 978 1040 1042 iu
1057 976 1222 1042 consulatu
1238 1000 1298 1042 suo

279 1095 333 1138 rex
358 1085 451 1157 atque
477 1075 595 1138 amicus
622 1098 641 1138 a
667 1084 776 1138 senatu
802 1072 976 1158 appellatus
1001 1081 1098 1148 esset,
1129 1071 1212 1135 banc
1237 1071 1297 1137 sibi

278 1169 454 1253 populoque
468 1169 612 1233 Romano
628 1168 761 1255 gratiam
777 1168 915 1244 referret,
934 1176 969 1230 ut
986 1166 1018 1231 in
1036 1166 1227 1250 colloquium
1244 1188 1298 1231 ve-

278 1265 343 1329 nire
361 1265 509 1328 invitatus
526 1274 708 1350 gravaretur
724 1286 825 1348 neque
842 1263 881 1327 dc
899 1262 1057 1327 communi
1077 1283 1112 1326 re
1129 1262 1296 1326 dicendum

280 1358 339 1423 sibi
366 1369 396 1423 et
422 1358 673 1444 cognoscendum
703 1367 839 1442 putaret,
870 1356 948 1421 haee
974 1378 1058 1432 esse,
1084 1377 1165 1439 quae
1192 1353 1296 1421 abeo

278 1452 463 1537 postularet:
482 1453 616 1537 primum
633 1473 673 1515 ne
691 1474 786 1534 (quam
802 1451 964 1516 hominum
983 1451 1215 1516 multitudinem
1231 1476 1296 1517 am-

278 1547 360 1631 plius
374 1557 458 1610 trans
468 1547 614 1610 Rhenum
627 1545 660 1608 in
671 1543 806 1609 Galliam
825 1545 996 1609 traduceret
1002 1570 1011 1623 3
1029 1544 1141 1610 deiude
1158 1545 1295 1623 obsides,

279 1662 357 1723 quos
379 1640 508 1704 haberet
529 1639 569 1704 ab
587 1639 744 1716 Haeduis,
767 1639 908 1704 redderet
932 1637 1149 1723 Sequanisque
1169 1641 1296 1725 permit-

280 1746 370 1813 teret,
392 1746 440 1812 ut,
463 1757 541 1817 quos
564 1734 608 1798 illi
630 1734 793 1811 habereut,
815 1734 973 1798 voluntate
995 1733 1062 1797 eius
1084 1734 1215 1798 reddere
1236 1734 1295 1798 illis

279 1829 398 1905 liceret3
416 1851 495 1892 neve
509 1828 661 1892 Haeduos
678 1827 790 1891 iniuria
807 1827 981 1905 lacesseret,
1000 1838 1079 1890 neve
1096 1826 1145 1890 his
1163 1828 1296 1891 sociisve

280 1947 386 1988 eorum
405 1922 521 1987 bellum
540 1922 675 1986 inferret.
721 1922 748 1986 si
765 1922 797 1986 id
814 1922 858 1985 ita
874 1921 1014 1996 fecisset,
1038 1920 1098 1985 sibi
1117 1921 1295 2007 populoque

280 2018 422 2082 Romano
440 2027 622 2100 perpetuam
639 2016 772 2102 gratiam
785 2027 878 2099 atque
896 2014 1062 2079 amicitiam
1076 2036 1148 2078 eum
1161 2036 1200 2079 co
1213 2014 1296 2079 sutu-

278 2135 358 2176 ram:
386 2111 413 2173 si
434 2133 497 2174 non
519 2110 708 2194 impetraret,
732 2131 814 2185 sese,
837 2109 984 2192 quoniam
1005 2107 1052 2171 M.
1069 2106 1226 2185 Messala,
1248 2107 1296 2173 M.

278 2204 395 2268 Pisone
412 2202 592 2268 consulibus
606 2214 732 2268 senatus
746 2203 928 2281 censuisset,
947 2202 1001 2280 uti,
1016 2202 1205 2287 quicumque
1220 2200 1297 2269 Gal-

280 2299 354 2362 liam
384 2297 575 2382 provinciam
606 2297 771 2374 obtineret,
803 2296 888 2381 quod
914 2296 1077 2361 commodo
1107 2296 1296 2382 reipublicae

279 2392 382 2456 facere
400 2402 515 2476 posset,
534 2391 685 2456 Haeduos
704 2402 884 2474 ceterosque
902 2391 1018 2455 amicos
1036 2391 1143 2476 populi
1160 2390 1295 2456 Romani

279 2484 472 2562 defenderet,
504 2507 573 2549 sese
599 2484 804 2549 Haeduorum
830 2484 956 2549 iniurias
982 2507 1045 2548 non
1070 2484 1293 2570 neglecturum.

229 2603 260 2651 ac
280 2581 321 2645 ad
346 2581 423 2645 haee
448 2579 627 2644 Ariovistus
657 2580 830 2664 respoudit:
865 2579 914 2643 ius
946 2600 1015 2642 esse
1042 2577 1129 2654 belli,
1161 2590 1210 2656 ut,
1240 2580 1293 2663 qui

279 2676 441 2753 vicissent,
463 2675 516 2753 iis,
535 2697 614 2759 quos
632 2674 793 2751 vicissent,
812 2673 1074 2757 quemadmodum
1090 2672 1220 2749 vellent,
1239 2674 1294 2737 im-

278 2780 434 2856 perarent:
460 2769 535 2835 item
556 2768 706 2855 populum
724 2767 902 2832 Romanum
924 2767 1013 2832 victis
1030 2788 1093 2831 non
1111 2766 1152 2830 ad
1169 2766 1294 2831 alterius

278 2864 512 2949 praescriptum,
528 2862 584 2928 sed
602 2863 642 2927 ad
660 2885 752 2927 suum
770 2859 930 2925 arbitrium
946 2861 1098 2946 imperare
1115 2882 1293 2925 consuesse.

280 2959 306 3021 si
324 2958 391 3043 ipse
409 2957 524 3042 populo
542 2957 685 3020 Romano
702 2978 765 3019 non
782 2954 1014 3040 praescriberet,
1032 2954 1294 3037 quemadmodum

280 3071 337 3113 suo
354 3051 420 3113 iure
438 3060 583 3125 uteretur,
606 3072 668 3113 non
686 3060 827 3132 oportere
846 3070 915 3113 sese
932 3070 951 3112 a
968 3046 1084 3132 populo
1101 3046 1246 3112 Romano
1262 3046 1294 3111 in

280 3164 337 3206 suo
354 3143 420 3205 iure
438 3143 588 3226 impediri.
624 3142 774 3207 Haeduos
793 3141 866 3219 sibi,
885 3142 1031 3226 quoniam
1050 3140 1122 3206 belli
1139 3140 1295 3207 sedunam

280 3244 484 3318 temptassent
501 3246 532 3298 et
549 3236 642 3300 armis
661 3237 820 3321 congressi
838 3259 875 3300 ae
894 3236 1030 3321 superati
1047 3246 1160 3312 essent,
1180 3235 1297 3320 stipen-

280 3327 394 3390 diarios
417 3350 487 3391 esse
509 3329 618 3393 sactes.
661 3352 807 3414 magnam
828 3329 996 3394 Caesarem
1017 3329 1160 3393 iniuriam
1182 3326 1295 3405 facere,

279 3420 334 3505 qui
352 3443 409 3485 suo
423 3420 559 3486 adventu
571 3423 736 3508 vectigalia
754 3423 814 3487 sibi
831 3424 983 3488 deteriora
995 3423 1120 3488 faceret.
1151 3421 1294 3487 Haeduis

280 3538 314 3580 se
332 3514 457 3580 obsides
479 3516 670 3581 redditurum
692 3540 756 3582 non
777 3540 860 3595 esse,
883 3540 984 3602 neque
1005 3518 1044 3582 iis
1066 3537 1167 3601 neque
1189 3538 1296 3581 eorum

280 3610 372 3675 sociis
393 3610 506 3675 iniuria
523 3610 639 3675 bellum
671 3611 842 3688 illaturum,
866 3612 893 3675 si
911 3612 944 3676 iu
961 3633 998 3676 eo
1015 3621 1190 3687 manerent,
1212 3608 1296 3693 quod

280 3706 511 3783 convenissent,
538 3705 787 3791 stipendiumque
809 3705 975 3789 quotannis
1000 3704 1184 3790 penderent3
1211 3704 1239 3768 si
1263 3702 1296 3767 id

282 3823 345 3864 non
363 3800 524 3878 fecissent,
548 3799 640 3885 longe
657 3800 696 3865 iis
714 3801 884 3864 fraternum
906 3821 1020 3864 nomen
1037 3798 1145 3884 pepuli
1161 3796 1295 3863 Romani

282 3894 451 3959 afuturum.
491 3895 574 3978 quod
597 3893 657 3958 sibi
680 3893 798 3959 Caesar
819 3894 1013 3957 denuntiaret
1040 3915 1074 3958 se
1091 3892 1296 3957 Haeduorum

279 3989 405 4053 iniurias
423 4012 486 4053 non
503 3987 724 4074 neglecturum,
738 3987 893 4051 neminem
911 4009 1017 4051 secum
1036 3984 1103 4051 sine
1121 4009 1179 4050 sua
1194 3985 1297 4072 perui·

280 4080 327 4143 eie
345 4082 549 4146 contendisse.
586 4105 657 4145 cum
674 4081 776 4157 vellet,
791 4079 1041 4166 congrederetur:
1059 4080 1295 4156 intellecturum,

280 4173 356 4254 quid
377 4174 481 4237 invicti
504 4173 667 4252 Germani,
690 4174 935 4239 exercitatissimi
957 4175 990 4238 in
1012 4174 1120 4250 armis,
1142 4174 1198 4258 qui
1218 4175 1297 4239 inter

281 4288 378 4329 annos
392 4269 624 4349 quatuordecim
643 4280 757 4334 tectum
771 4291 833 4332 non
845 4267 1012 4345 subissent,
1028 4269 1140 4332 virtute
1157 4277 1294 4352 possent.

231 4380 261 4425 37
340 4358 430 4423 Haec
447 4360 557 4424 eodem
575 4373 712 4448 tempore
727 4361 855 4427 Caesari
873 4362 1020 4426 mandata
1036 4361 1250 4426 referebantur
1266 4372 1296 4425 et

281 4453 375 4538 legati
397 4453 436 4518 ab
454 4454 596 4518 Haeduis
615 4467 646 4521 et
667 4481 687 4521 a
704 4456 849 4522 Treveris
867 4455 1045 4521 veniebant:
1072 4455 1201 4520 Haedui
1221 4476 1296 4538 que-

282 4558 377 4625 stum,
400 4547 484 4631 quod
504 4546 665 4627 Harudes,
688 4550 743 4633 qui
763 4574 862 4635 nuper
883 4552 916 4615 in
939 4547 1074 4616 Galliam
1096 4549 1296 4635 transportati
