2738 5272
187 711 250 776 384
496 720 612 775 BELLI
630 718 894 778 HISPANIENSIS

184 846 431 912 adversariorum
449 844 567 909 traduci
586 854 696 929 coepta
714 843 754 908 sit
771 867 791 907 a
807 844 924 907 dextro.
957 864 1036 926 quae
1051 842 1147 906 simul
1161 855 1214 908 est

185 950 282 1009 mota.
309 940 465 1022 equitatus
489 937 635 1002 Caesaris
659 938 783 1002 sinistro
810 959 905 1002 comu
927 959 1066 1022 premere
1088 936 1212 1020 coepit;

184 1046 215 1098 at
232 1035 277 1098 illi
291 1033 404 1098 eximia
422 1033 533 1096 virtute
551 1032 700 1116 proelium
720 1030 822 1095 facere
840 1043 875 1094 ut
891 1030 979 1095 locus
996 1031 1029 1094 in
1047 1029 1149 1094 aciem
1166 1030 1210 1094 ad

184 1126 358 1192 subsidium
376 1126 524 1190 veniundi
541 1149 604 1189 non
622 1126 755 1189 daretur.
783 1125 827 1188 ita
844 1147 915 1187 cum
933 1123 1049 1188 clamor
1062 1133 1148 1188 esset
1161 1124 1213 1187 in-

185 1222 347 1286 termixtus
370 1221 489 1306 gemitu
512 1220 748 1306 gladiorumque
771 1220 907 1303 crepitus
926 1218 1052 1283 auribus
1071 1217 1210 1295 oblatus,

183 1315 396 1401 imperitorum
414 1323 535 1378 mentes
553 1313 645 1377 timor
662 1313 894 1399 praepediebat.
938 1312 1003 1389 hic,
1026 1323 1061 1375 ut
1078 1313 1122 1376 ait
1139 1312 1211 1375 En·

184 1410 268 1485 nius,
295 1431 351 1494 pes
370 1407 449 1492 pede
466 1407 629 1492 premitur,
657 1407 751 1470 armis
770 1417 910 1470 teruntur
932 1429 1032 1482 arma,
1060 1406 1211 1470 adversa-

182 1503 307 1585 riosque
324 1501 597 1566 vehementissime
614 1512 789 1586 pugnantes
803 1500 901 1564 nostri
915 1522 1007 1585 agero
1022 1512 1209 1583 coeperunt3

183 1597 297 1680 quibus
316 1595 464 1680 oppidum
487 1594 546 1658 fuit
569 1594 718 1659 subsidio.
763 1595 807 1657 ita
829 1594 906 1678 ipsis
924 1592 1124 1657 Liberalibus
1145 1593 1210 1658 fusi

184 1691 345 1777 fugatique
363 1712 425 1753 non
444 1688 685 1773 superfuissent,
707 1688 768 1752 nisi
785 1689 817 1751 in
835 1711 907 1751 eum
925 1687 1027 1751 locum
1045 1688 1210 1773 confugis-

185 1795 263 1860 sent,
283 1806 322 1848 ex
339 1805 402 1867 quo
420 1792 507 1846 erant
525 1782 652 1867 egressi.
680 1783 711 1845 in
725 1804 787 1864 quo
800 1781 917 1866 proelio
931 1781 1108 1845 ceciderunt
1121 1782 1211 1845 milia

184 1879 345 1942 hominurn
363 1876 483 1940 circiter
496 1874 606 1939 XXX
619 1886 650 1939 ct
669 1875 696 1939 si
713 1875 789 1958 quid
806 1874 950 1959 amplius,
969 1888 1129 1960 praeterea
1141 1876 1210 1938 La-

184 1971 308 2047 bienus,
335 1968 443 2034 Attius
461 1968 580 2045 Varus,
609 1968 723 2052 quibus
746 1969 856 2033 occisis
880 1968 1019 2050 utrisque
1040 1968 1136 2032 funus
1160 1979 1209 2033 est

185 2065 319 2141 factum,
346 2063 482 2144 itemque
505 2063 624 2145 equites
642 2062 777 2127 Romani
800 2062 911 2146 partim
933 2084 972 2125 cx
995 2061 1071 2126 urbe
1093 2063 1210 2146 partim

185 2181 225 2222 ex
243 2157 402 2242 provincia
419 2157 460 2221 ad
481 2156 567 2220 milia
583 2156 645 2220 III.
688 2158 786 2220 nostri
805 2156 970 2220 desiderati
988 2156 1028 2219 ad
1045 2156 1209 2219 hominum

186 2251 269 2315 mille
292 2251 405 2336 partim
422 2251 561 2334 equitum
583 2250 695 2334 partim
718 2251 870 2335 peditum3
895 2250 991 2314 saucii
1010 2299 1017 2312 .
1034 2298 1041 2313 .
1060 2250 1210 2314 adversa·

183 2347 298 2410 riorum
321 2345 442 2428 aquilae
469 2355 541 2410 sunt
562 2344 683 2409 ablatae
709 2345 797 2409 XIII
823 2356 854 2409 et
876 2345 966 2430 signa
989 2354 1018 2406 ot
1041 2342 1145 2407 fasces
1170 2393 1205 2406 ..

187 2451 346 2525 praeterea
365 2491 371 2504 .
393 2488 400 2503 .
420 2489 427 2502 .
448 2488 455 2502 .

133 2555 165 2602 32
248 2534 318 2598 Hos
336 2533 446 2598 habuit
465 2583 583 2598 .....
603 2558 642 2598 cx
655 2533 732 2619 fuga
746 2533 804 2597 hac
817 2533 871 2616 qui
889 2533 1037 2617 oppidum
1050 2531 1208 2595 Mundam

184 2628 244 2693 sibi
257 2628 490 2693 constituissent
505 2629 704 2714 praesidium,
723 2628 880 2710 nostrique
895 2627 1086 2713 cogebantur
1100 2649 1209 2691 neces-

184 2723 265 2787 sario
284 2745 336 2786 eos
355 2723 598 2787 circumvallare.
643 2746 683 2786 ex
705 2722 841 2786 hostium
863 2723 957 2785 armis
981 2734 1069 2785 scuta
1091 2732 1122 2784 et
1143 2722 1210 2805 pila

183 2839 239 2900 pro
265 2817 361 2893 vallo,
393 2839 451 2901 pro
479 2818 596 2901 cespite
623 2816 775 2880 cadavera
805 2815 1048 2892 collocabantur,
1079 2815 1209 2899 insuper

184 2908 308 2995 [occisi]
332 2911 365 2973 in
387 2910 563 2995 gladiorum
589 2931 735 2973 mucrone
759 2910 860 2993 capita
883 2909 1042 2972 hominurn
1065 2909 1208 2972 ordinata

183 3005 224 3067 ad
242 3004 391 3088 oppidum
410 3025 560 3068 conversa
578 3003 723 3067 universa
740 3002 875 3066 hostium
898 3003 1039 3070 timorem
1059 3051 1206 3065 ......

183 3098 367 3180 virtutisque
385 3097 521 3183 insignia
538 3097 697 3182 proposita
714 3099 854 3162 vidcrcnt
876 3112 906 3163 et
924 3100 1006 3164 vallo
1024 3100 1208 3164 circumclu-

183 3193 329 3255 dercntur
346 3192 529 3269 adversarii,
552 3193 596 3256 ita
614 3190 699 3257 Galli
717 3194 845 3279 tragulis
864 3194 1034 3276 iaculisque
1057 3195 1207 3279 oppidum

183 3307 223 3349 ex
237 3284 372 3349 hostium
387 3285 589 3349 cadaveribus
606 3284 707 3371 [sunt]
728 3287 927 3372 circumplexi
942 3310 1122 3373 oppugnare
1137 3310 1208 3353 coe-

183 3390 303 3462 perunt.
331 3400 370 3443 cx
384 3377 443 3442 boc
457 3379 574 3462 proelio
584 3378 728 3445 Valerius
743 3381 923 3445 adolescens
940 3380 1121 3445 Cordubam
1135 3404 1207 3445 curn

183 3471 291 3556 paucis
302 3471 457 3555 equitibus
467 3473 558 3558 fugit,
580 3471 653 3538 Sex.
667 3473 829 3558 Pompeio,
844 3476 897 3557 qui
908 3473 1074 3538 Cordubae
1083 3476 1207 3545 fuisset.

183 3588 249 3628 rem
266 3576 389 3650 gestam
406 3565 510 3630 refert.
551 3568 675 3652 cognito
694 3566 753 3631 hoc
771 3568 895 3652 negotio
918 3591 996 3651 quos
1019 3569 1139 3650 equites
1159 3591 1208 3632 se-

184 3682 255 3722 cum
272 3658 389 3736 habuit,
408 3661 492 3742 quod
509 3661 658 3745 pecuniae
676 3683 783 3725 secum
801 3661 917 3736 babuit,
937 3663 982 3725 eis
1001 3661 1158 3726 distribuit
1177 3673 1207 3726 et

183 3753 347 3837 oppidanis
369 3752 447 3816 dixit
469 3776 503 3817 se
526 3754 564 3816 dc
587 3776 663 3838 pace
686 3755 726 3818 ad
745 3755 913 3819 Caesarem
931 3756 1085 3839 proficisci
1109 3767 1140 3820 ct
1157 3778 1207 3820 se-

184 3848 285 3910 cunda
298 3845 405 3932 vigilia
418 3845 457 3909 ab
472 3847 587 3931 oppido
601 3847 753 3912 discessit.
783 3847 841 3912 Cn.
852 3849 1022 3932 Pompeius
1033 3872 1104 3913 cum
1120 3851 1207 3931 equi-

183 3940 266 4003 tibus
284 3939 392 4024 paucis
410 3939 628 4022 nonnullisque
646 3941 802 4024 peditibus
822 3942 861 4005 ad
884 3943 993 4005 navale
1016 3943 1206 4026 praesidium

183 4045 270 4117 parte
293 4033 389 4097 altera
412 4031 570 4097 Carteiam
596 4035 767 4109 contendit,
794 4036 878 4118 quod
900 4036 1049 4120 oppidum
1072 4035 1162 4101 abest
1189 4061 1208 4100 a

185 4126 333 4191 Corduba
355 4126 440 4190 milia
461 4149 611 4211 passuum
632 4126 774 4192 CLXX.
819 4151 881 4211 quo
904 4151 975 4192 cum
999 4130 1039 4193 ad
1060 4141 1208 4193 octavum

184 4220 349 4283 miliarium
367 4220 513 4296 venisset,
533 4220 569 4283 P.
587 4219 756 4297 Caucilius,
775 4222 828 4305 qui
846 4223 955 4287 castris
971 4234 1061 4286 antea
1073 4223 1207 4307 Pompei

183 4313 378 4396 praepositus
397 4323 494 4390 esset,
513 4313 580 4377 eius
599 4314 702 4378 verbis
720 4315 862 4379 nuntium
881 4316 987 4392 mittit,
1011 4339 1083 4378 cum
1101 4317 1206 4380 minus

185 4404 264 4469 belle
282 4405 409 4471 habere:
437 4417 473 4470 ut
494 4408 648 4472 mitterent
669 4408 824 4485 lecticam,
851 4432 913 4493 qua
931 4411 962 4472 in
985 4409 1134 4493 oppidum
1152 4410 1207 4473 de-

184 4498 257 4561 ferri
274 4511 389 4583 posset.
434 4501 542 4565 litteris
565 4501 669 4566 missis
688 4502 859 4586 Pompeius
878 4502 1033 4567 Carteiam
1057 4503 1204 4566 defertur.
