2692 5206
420 807 538 867 COMM.
556 810 607 866 111.
626 811 742 866 18-21.
1049 798 1089 863 51

66 944 195 1021 propter
220 954 272 1013 eo,
298 955 380 1019 quae
405 933 560 1013 ferebant,
591 956 687 1001 onera
712 933 815 999 subito
840 933 963 1000 duabus
993 934 1091 1020 portis

66 1028 264 1115 eruptionem
281 1027 348 1093 lieri
365 1027 461 1094 iubet.
500 1029 619 1094 factum
637 1040 685 1094 est
702 1030 930 1114 opportunitate
947 1029 1018 1107 loci,
1036 1029 1092 1094 ho-

67 1123 164 1189 stium
189 1122 354 1189 inscientia
374 1144 412 1189 ac
432 1122 669 1210 defatigatione,
696 1124 810 1188 virtute
832 1122 964 1188 militum
985 1135 1017 1189 et
1039 1145 1091 1189 su·

66 1216 226 1304 pariorum
251 1238 428 1303 pugnarum
454 1217 687 1294 exercitatione,
714 1227 749 1281 ut
775 1238 815 1282 ne
841 1238 939 1283 uuum
964 1216 1091 1301 quidem

65 1322 247 1377 nostrorum
277 1310 429 1396 impetum
463 1310 579 1376 ferrent
609 1332 647 1375 ac
678 1310 783 1376 statim
808 1320 897 1397 terga
926 1321 1091 1376 verterent.

66 1427 149 1492 quos
174 1405 341 1491 immditos
367 1405 497 1491 integris
523 1404 643 1470 tisibus
669 1405 782 1470 milites
808 1405 907 1471 nostri
933 1406 1092 1471 consecuti

66 1522 220 1588 mgnum
232 1520 396 1565 numemm
408 1521 516 1565 eorum
529 1500 722 1576 occiderunt3
739 1499 876 1584 reliquos
885 1501 1005 1584 equites
1018 1521 1092 1565 con·

66 1594 178 1661 sectati
199 1616 332 1680 paucos,
345 1585 413 1677 ¹qui
437 1615 477 1658 ex
498 1594 577 1680 fuga
598 1603 776 1671 evaserant,
803 1593 1002 1678 reliquerunt.
1047 1595 1093 1659 sic
1132 1651 1135 1657 .

66 1710 130 1755 uno
157 1698 297 1773 tempore
320 1687 411 1753 etde
437 1688 542 1752 navali
567 1710 675 1775 pugna
697 1686 836 1754 Sabinus
862 1699 894 1754 et
918 1687 959 1753 dc
982 1685 1093 1753 Sabini

67 1781 199 1847 victoria
217 1780 337 1847 Caesar
358 1781 470 1847 certior
491 1782 593 1848 sactus
612 1794 673 1861 est,
697 1782 900 1867 civitatesque
926 1803 1035 1847 omncs
1058 1802 1092 1847 se

67 1875 174 1941 statim
191 1874 314 1941 Titurio
336 1875 530 1942 dediderunt.
575 1899 648 1941 nam
670 1886 705 1940 ut
727 1876 768 1941 od
790 1876 872 1942 bella
894 1875 1093 1960 suscipienda

67 1967 235 2037 Gallorum
256 1969 359 2035 alacer
380 1990 417 2036 ae
438 1981 602 2057 promptus
629 1983 677 2036 est
698 1970 836 2048 animus,
863 1971 909 2035 sic
930 1969 1033 2034 mollis
1055 1989 1093 2034 ac

68 2064 197 2130 minime
222 2064 371 2130 resistens
398 2064 439 2129 ad
469 2064 662 2130 calamitates
692 2063 894 2151 perferendas
924 2085 1013 2129 mens
1040 2084 1092 2128 co·

68 2180 138 2224 rum
156 2166 217 2224 est.

129 2250 257 2319 Eodem
287 2252 353 2317 fere
383 2265 522 2338 tempore
548 2253 586 2318 Ρ.
615 2254 765 2331 Crassus,
798 2276 870 2318 cum
901 2253 933 2318 in
958 2252 1092 2337 Aquita·
1110 2270 1142 2320 ro

67 2348 153 2413 niam
169 2347 374 2433 pervenisset,
392 2369 472 2431 quae
489 2370 572 2432 pars,
591 2360 625 2412 ut
643 2357 713 2413 ante
732 2348 925 2425 dictumest,
944 2358 975 2413 et
991 2348 1093 2433 regio·

68 2463 145 2507 num
169 2440 333 2506 latiturdine
356 2451 388 2505 et
413 2440 611 2506 multitudine
637 2442 798 2507 hominum
824 2464 864 2507 ex
891 2442 980 2506 tertia
1005 2451 1092 2526 parte

68 2530 176 2600 Gallia
197 2544 246 2599 est
268 2534 475 2611 aestimanda,
502 2557 574 2599 curn
596 2535 790 2622 intellegeret
815 2537 847 2599 in
869 2536 908 2600 iis
930 2535 1008 2599 locis
1032 2533 1091 2599 sibi

68 2626 187 2695 bellum
213 2627 398 2712 gerendum,
433 2627 489 2692 ubi
517 2629 626 2714 paucis
658 2640 730 2693 ante
761 2631 851 2695 annis
877 2630 918 2693 L.
946 2627 1091 2692 Valerius

67 2721 263 2788 Praeconius
279 2721 402 2808 legatus
421 2722 558 2788 exercitu
576 2723 668 2808 pulso
686 2723 867 2788 interfectus
886 2733 979 2798 esset,
997 2732 1092 2803 atque
1153 2778 1155 2783 .

67 2816 152 2882 unde
172 2816 217 2881 L.
237 2815 368 2882 Mallius
393 2817 559 2902 proconsul
580 2818 810 2903 impedimentis
836 2817 960 2883 amissis
986 2814 1093 2901 profu-

67 2912 182 2998 gisset,
210 2933 274 2976 non
295 2912 483 2977 mediocrem
505 2912 566 2977 sibi
592 2912 786 2997 diligentiam
813 2910 1022 2976 adhibendam
1046 2910 1093 2973 in-

68 3004 246 3092 tellegebat.
289 3005 395 3089 itaque
416 3028 450 3070 re
472 3006 675 3071 frumentaria
695 3007 834 3092 proriae,
861 3005 984 3070 auxiliis
1007 3004 1093 3087 equi-

68 3110 200 3183 tatuque
217 3110 409 3185 comparato,
432 3099 538 3166 multis
556 3111 716 3185 praetcrea
733 3101 807 3165 viris
825 3099 958 3165 sortibus
976 3098 1094 3164 Tolosa

69 3200 99 3255 et
115 3191 278 3270 Narbone,
305 3215 386 3278 quae
409 3205 482 3259 sunt
504 3195 645 3260 civitates
665 3193 787 3260 Galliae
805 3194 982 3282 provinciae
1000 3193 1093 3257 liniti-

69 3304 140 3350 mae
164 3286 217 3351 bis
245 3287 441 3373 regionibus,
473 3289 655 3353 nominatim
686 3289 824 3354 evocatis
855 3290 888 3353 in
916 3286 1093 3353 Sentiatum

70 3378 148 3444 lines
170 3382 342 3447 exercitum
364 3383 544 3448 introduxit.
589 3385 677 3449 cuius
700 3385 837 3449 adventu
863 3385 988 3470 cognito
1012 3381 1093 3449 Son-

71 3471 160 3538 tiates
182 3475 308 3560 magnis
334 3476 431 3561 copiis
458 3478 574 3543 coactis
598 3479 812 3563 equitatuque,
840 3500 903 3562 quo
925 3477 1093 3563 plurimum

70 3565 225 3645 valebant,
243 3567 276 3633 in
288 3568 397 3635 itinere
411 3593 524 3657 agmen
533 3581 674 3637 nostrum
688 3572 788 3636 adorti
801 3572 936 3657 primum
950 3581 1092 3654 equestre

71 3660 225 3746 proelium
246 3664 482 3742 commiserunt,
510 3665 622 3731 deinde
644 3667 784 3750 equitatu
807 3688 864 3731 suo
886 3665 978 3750 pulso
1001 3674 1093 3746 atque

71 3753 308 3839 insequentibus
325 3759 439 3824 nostris
454 3758 558 3825 subito
571 3760 732 3844 pedestres
747 3761 863 3845 copias,
882 3781 961 3843 quas
974 3757 1008 3820 in
1021 3778 1094 3820 con-

71 3846 149 3913 velle
174 3848 209 3913 in
234 3849 356 3916 insidiis
382 3851 626 3931 collocaverant,
654 3853 864 3918 ostenderunt.
912 3852 945 3916 hi
971 3859 1094 3914 nostros

71 3938 216 4008 disiectos
233 3942 335 4009 adorti
355 3946 507 4032 proelium
529 3958 727 4013 renovarunt.
776 3957 950 4033 pugnatum
971 3955 1020 4009 est
1040 3943 1094 4007 diu
1113 3960 1144 4008 ‘21

73 4044 162 4116 atque
178 4037 300 4116 aeriter,
319 4060 390 4104 cum
410 4038 568 4107 Sontiates
588 4041 800 4127 superioribus
817 4041 955 4106 victoriis
973 4039 1045 4104 freti
1061 4039 1094 4102 in

74 4144 130 4189 sua
154 4128 267 4195 virtute
294 4132 389 4198 totius
411 4132 601 4218 Aquitaniae
628 4136 761 4200 salutem
784 4136 919 4220 positam
940 4146 1093 4220 putarent,

74 4219 169 4285 nostri
185 4230 305 4300 autem,
332 4226 408 4311 quid
426 4229 493 4293 sine
510 4229 697 4314 imperatore
715 4239 745 4294 ct
767 4229 835 4294 sine
852 4228 979 4313 reliquis
997 4228 1095 4314 legio-

74 4310 163 4379 nibus
191 4314 426 4386 adulescentulo
452 4323 533 4387 duce
559 4323 684 4389 efficere
709 4333 853 4409 possent,
884 4322 1019 4409 perspici
1041 4344 1094 4386 cu-

73 4418 193 4492 perent:
212 4408 339 4474 tandem
357 4414 490 4480 confecti
507 4417 689 4482 vulneribus
705 4418 810 4483 hostes
826 4427 914 4503 terga
926 4426 1091 4481 verterunt.

73 4522 203 4586 quorum
220 4526 337 4591 magno
359 4529 489 4572 numero
512 4510 673 4576 interfecto
692 4511 828 4577 Crassus
851 4533 891 4575 cx
912 4513 1020 4575 itincre
1038 4531 1094 4593 op·

74 4598 179 4683 pidum
202 4596 381 4667 Sontiatum
403 4625 584 4690 oppugnare
607 4607 717 4691 coepit.
762 4607 876 4690 quibus
899 4606 1020 4671 sortitor
1045 4626 1092 4666 re

888 4705 922 4758 4.
