2738 5272
269 740 290 801 2
591 746 643 801 br}
661 746 787 800 BELLO
807 742 974 799 (tarnaco

270 873 380 936 borum
399 871 537 935 omnium
555 870 716 934 fortissimi
739 880 811 933 sunt
828 869 962 953 Belgae,
984 880 1149 953 propterea
1166 868 1257 951 qnorl
1279 891 1299 931 a

270 968 354 1030 enltn
373 980 466 1049 atque
484 965 677 1028 humanitate
695 965 872 1048 provinciae
889 963 1072 1047 longissime
1089 962 1219 1037 absunt,
1240 962 1300 1025 mi-

270 1062 414 1143 nimeque
437 1059 477 1122 acl
504 1081 558 1122 eos
585 1070 772 1121 mercatores
800 1080 894 1142 saepe
921 1066 1095 1121 commeant
1122 1066 1221 1139 atque
1248 1078 1297 1123 ca.

269 1152 349 1241 (puae
367 1157 407 1219 arl
425 1154 650 1218 effeminandos
668 1155 788 1217 animos
807 1154 970 1237 pertinent,
989 1152 1165 1236 important,
1184 1152 1297 1235 prori-

271 1252 373 1333 mique
396 1260 468 1313 sunt
487 1246 667 1323 Germania,
695 1247 749 1329 qui
773 1260 856 1309 trans
879 1246 1026 1311 Rhenum
1048 1245 1202 1319 incolunt,
1227 1244 1298 1327 qni-

270 1346 402 1407 bnscmn
425 1342 619 1407 continenter
640 1340 758 1405 bellum
780 1350 903 1427 gerunt.
945 1361 1008 1422 qua
1030 1338 1070 1401 <le
1092 1360 1191 1402 causa
1215 1338 1297 1401 Hel-

269 1439 343 1503 vetii
361 1459 485 1521 quoqne
502 1436 637 1517 reliquos
649 1433 759 1499 Gallos
773 1436 887 1499 virtute
904 1433 1104 1519 praecedunt,
1123 1432 1210 1514 quod
1229 1432 1296 1495 sere

270 1534 434 1599 cotidianis
461 1531 588 1617 proeliis
616 1552 688 1593 enm
713 1528 881 1595 Germanis
908 1527 1113 1601 contendunt,
1137 1548 1212 1591 cnm
1242 1538 1295 1591 ant

271 1630 337 1693 suis
362 1626 477 1691 linibus
510 1647 564 1689 eos
592 1624 770 1708 probibent,
802 1636 856 1687 ant
886 1622 948 1709 ipsi
978 1622 1010 1685 iu
1036 1644 1144 1685 corum
1175 1620 1297 1685 finibus

270 1722 386 1787 bellum
408 1730 530 1807 gerunt.
575 1741 683 1783 corum
705 1741 768 1781 nna
790 1740 876 1802 pars,
901 1740 995 1800 quam
1019 1712 1128 1780 Gallos
1151 1714 1296 1779 obtinere

271 1818 388 1881 (lictum
410 1825 471 1890 est,
495 1813 616 1877 initium
638 1813 722 1897 capit
739 1836 758 1876 a
775 1812 903 1875 llnmiue
921 1810 1089 1887 ll-lrotlanm
1117 1810 1299 1874 continetur

272 1909 434 1976 Garumna
459 1908 601 1983 flumine,
631 1904 777 1983 Oceano,
803 1905 920 1970 linibus
946 1904 1136 1988 Belgarum3
1169 1904 1299 1989 attingit

273 2005 366 2069 etiam
388 2002 428 2066 ab
452 2001 607 2084 Sequanis
630 2012 661 2065 et
683 2001 838 2065 Helvetiis
860 2000 977 2065 flumen
998 1998 1164 2075 lllrcnnm3
1191 2000 1298 2084 vergit

272 2100 312 2162 ad
344 2096 579 2180 septentriones.
623 2095 743 2179 Belgae
774 2095 814 2159 ab
845 2095 991 2159 extremis
1024 2090 1146 2157 Galliae
1177 2091 1297 2156 linibus

273 2191 427 2266 orinatum
453 2189 609 2273 pertinent
626 2190 667 2253 ad
684 2189 863 2253 inferiorem
880 2199 1000 2273 partem
1017 2186 1155 2250 fluminis
1173 2185 1298 2263 ereni;

273 2294 414 2370 spectant
436 2283 468 2345 in
491 2283 731 2366 septentrionem
753 2293 784 2347 et
806 2283 955 2346 orientem
974 2282 1082 2346 solem.
1121 2280 1299 2363 Aquitania

273 2375 467 2441 allarnmna
484 2376 612 2439 flumine
631 2377 670 2440 arl
688 2376 869 2461 Pyrenaeos
887 2387 1010 2441 montes
1028 2386 1059 2439 et
1077 2374 1205 2439 adeam
1223 2396 1298 2459 par-

273 2486 336 2535 tem
359 2470 494 2547 Oceani,
522 2493 602 2553 quae
629 2482 677 2535 est
703 2472 744 2535 acl
765 2470 969 2555 Hispaniam,
995 2470 1147 2555 pertinet3
1175 2478 1298 2553 spectat

273 2567 353 2629 inter
370 2588 517 2629 occasum
536 2565 611 2628 solis
633 2578 663 2628 et
681 2566 916 2650 septentriones.

240 2714 253 2727 .
331 2658 428 2744 Apud
451 2658 614 2723 llelretios
636 2658 729 2744 longe
751 2658 964 2723 nobilissimus
987 2668 1018 2721 et
1040 2656 1213 2720 ditissimus
1235 2654 1298 2719 suit

274 2752 453 2840 Orgetorix.
493 2754 520 2819 is
538 2752 585 2817 M.
599 2752 741 2817 Messala
759 2762 789 2817 et
806 2752 853 2817 M.
873 2752 989 2816 Pisone
1007 2750 1188 2815 consulibus
1206 2748 1296 2834 regni

273 2849 440 2933 crrpiclitate
464 2849 609 2912 inductus
633 2846 875 2913 coniurationem
892 2845 1061 2910 nobilitatis
1079 2844 1152 2907 feeit
1170 2853 1199 2905 et
1220 2841 1299 2907 civi·

273 2943 328 3005 tati
346 2944 514 3027 persuasit,
534 2952 568 3005 ut
586 2943 624 3006 ‹le
643 2940 757 3006 finibus
776 2941 841 3005 suis
860 2963 931 3004 eum
949 2938 1094 3004 omnibus
1112 2935 1210 3021 copiis
1229 2936 1298 3000 exi-

272 3044 358 3097 rent:
389 3035 536 3117 perlaeile
562 3057 646 3110 esse,
678 3056 750 3099 enm
776 3035 889 3097 virtute
916 3032 1060 3097 omnibus
1091 3040 1297 3117 praestruent,

274 3130 368 3191 totius
388 3129 510 3193 Galliae
532 3129 662 3213 imperio
684 3129 786 3214 potiri.
831 3130 864 3192 id
885 3129 945 3192 hoc
962 3126 1085 3191 facilius
1104 3125 1149 3189 eis
1166 3144 1299 3209 persua-

274 3222 327 3297 sit,
350 3222 435 3302 quod
457 3222 593 3304 undique
620 3223 682 3285 loei
702 3236 813 3286 natura
835 3222 975 3287 Ilelretii
997 3221 1205 3286 continentur:
1233 3239 1300 3279 nna

275 3336 314 3377 ex
336 3326 423 3397 parte
450 3315 577 3380 llmuine
599 3316 726 3391 Rheno,
753 3318 906 3382 latissimo
933 3327 1026 3399 atque
1053 3313 1219 3387 altissime,
1242 3310 1299 3393 qui

274 3430 384 3492 agrurn
410 3406 592 3473 Ilelretium
624 3434 643 3474 a
670 3410 837 3475 Germanis
864 3410 988 3485 tlivirlit3
1021 3408 1117 3473 altera
1143 3428 1182 3471 cx
1208 3416 1299 3489 parte

274 3514 379 3565 monte
401 3501 475 3565 Iura
502 3502 667 3580 altissimo,
690 3504 744 3586 qni
767 3516 814 3569 est
836 3505 915 3567 inter
938 3502 1102 3586 Sequanos
1125 3512 1156 3565 et
1177 3497 1299 3563 Helve-

274 3595 348 3673 tios3
371 3596 461 3659 tertia
487 3595 557 3661 lacu
573 3598 738 3661 Lemanno
761 3608 790 3662 et
814 3598 940 3661 llumine
959 3597 1126 3671 lllrodan0,
1148 3592 1202 3675 qni
1224 3614 1299 3677 pro-

275 3691 408 3756 vinciam
425 3702 564 3755 nostra-m
582 3692 621 3757 ab
635 3692 791 3757 Helvetiis
810 3693 929 3756 dividit.
961 3692 1009 3755 his
1027 3690 1121 3755 rebus
1139 3686 1244 3759 fiebat,
1263 3696 1299 3747 nt

274 3785 429 3850 erminus
455 3785 517 3849 late
544 3797 745 3871 vagarentur,
773 3796 803 3849 et
826 3786 929 3848 minus
957 3784 1048 3848 facile
1070 3782 1209 3847 finitimis
1231 3778 1299 3843 bel-

273 3878 339 3943 lum
361 3879 474 3944 inferre
498 3894 640 3965 possent3
667 3904 730 3963 qua
748 3903 787 3943 ex
809 3892 897 3964 parte
919 3879 1061 3943 bomines
1084 3874 1220 3942 bellandi
1243 3896 1299 3937 cu-

274 3973 340 4055 pirli
357 3997 471 4057 magno
495 3974 601 4038 ‹lolore
625 3973 849 4038 afficiebantur.
894 3995 951 4058 pro
973 3970 1169 4035 multitudine
1192 3982 1296 4031 antem

274 4065 434 4130 hominum
457 4078 488 4131 ct
510 4092 566 4153 pro
588 4069 688 4155 gloria
710 4068 782 4132 belli
806 4080 899 4149 atque
925 4066 1115 4131 fortitudinis
1144 4072 1297 4147 angustos

277 4181 311 4221 se
338 4162 410 4222 linis
436 4162 551 4226 babere
577 4162 818 4237 arbitrabantur,
847 4162 901 4244 qni
927 4163 960 4225 in
985 4160 1213 4243 longitudinem
1239 4155 1297 4219 mi-

274 4251 316 4316 lia
336 4274 487 4336 passuum
510 4255 652 4333 CCXL,
678 4258 711 4321 iu
733 4257 928 4320 latiturlinem
947 4253 1119 4318 CLXXX
1137 4248 1294 4339 patebant.

242 4360 256 4405 :t
274 4345 324 4409 lris
347 4344 439 4409 rebus
458 4347 583 4411 adducti
607 4362 638 4413 et
655 4352 837 4414 anctoritate
856 4348 1055 4435 Orgetorigis
1073 4346 1206 4432 pennoti
1224 4367 1298 4408 eon-

275 4442 437 4506 stituerunt
462 4464 512 4517 ca,
535 4464 616 4524 qnae
638 4446 678 4508 arl
700 4446 958 4529 proficiscendum
984 4444 1188 4529 pertinerent,
1213 4461 1298 4503 com-

274 4558 397 4621 parare,
420 4536 627 4601 iumentorum
645 4548 676 4603 et
697 4561 855 4603 carrorum
877 4560 972 4623 quam
995 4537 1166 4601 rnaximum
1188 4554 1298 4599 nume·
