2738 5272
237 708 301 774 344
595 715 712 771 BELLI
728 712 914 770 armoaau

236 842 344 927 aquari
357 840 546 924 reliquisque
554 839 654 904 rebus·
663 837 819 903 sublevari
832 837 899 901 eius
914 837 1081 903 exercitus
1095 848 1274 915 consuunt,

236 938 356 1004 eductis
382 935 527 1001 omnibus
549 935 647 1019 copiis
669 933 862 1018 quadruplici
884 932 951 997 acis
971 932 1144 999 instructa
1166 956 1210 999 ex
1233 934 1273 997 in-

236 1034 343 1099 stituto
361 1054 428 1109 suo,
446 1032 546 1117 prima
563 1029 699 1115 equestri
717 1029 874 1093 turmatim
891 1027 1012 1092 directa
1025 1028 1273 1114 elephantisque

235 1127 350 1192 tmritis
375 1125 565 1209 interpositis
592 1124 796 1207 armatisque,
827 1123 987 1207 suppetias
1020 1122 1069 1187 ire
1099 1124 1272 1189 contendit

235 1221 319 1305 quod
340 1219 395 1285 ubi
418 1219 537 1284 Caesar
561 1218 792 1295 animadvertit,
820 1216 984 1281 arbitratus
1009 1214 1213 1302 Scipionem
1238 1216 1272 1282 sd

235 1314 445 1379 dimicandum
463 1324 604 1398 paratum
622 1312 662 1376 ad
680 1333 715 1376 se
733 1321 817 1376 certo
835 1310 938 1373 animo
956 1310 1066 1375 venire
1086 1311 1126 1376 in
1140 1334 1183 1377 eo
1194 1311 1270 1387 loeo,

234 1431 297 1493 quo
314 1408 408 1494 paulo
425 1417 497 1471 aute
510 1405 759 1482 commemoravi,
778 1414 849 1469 ante
862 1404 1013 1488 oppidum
1027 1405 1182 1472 constitit
1190 1452 1270 1470 ......

235 1524 386 1585 suamque
408 1501 505 1566 aciem
527 1500 663 1564 mediam
689 1522 726 1564 eo
752 1498 868 1584 oppido
894 1498 984 1575 texit3
1011 1498 1173 1564 dextrum
1200 1500 1270 1565 sini-

235 1608 395 1682 strumque
412 1619 518 1672 comu,
536 1595 591 1660 ubi
609 1595 764 1680 elephanti
782 1605 883 1670 eraut,
902 1594 935 1657 in
952 1604 1134 1678 conspectu
1152 1595 1270 1681 patenti

184 1708 216 1756 42
235 1691 481 1756 adversariorum
503 1689 671 1754 constituit
715 1709 787 1752 oum
808 1687 871 1752 iam
893 1709 988 1772 prope
1011 1687 1092 1752 solis
1118 1710 1268 1754 oceasum

235 1783 355 1849 Caesar
371 1784 616 1869 exspectavisset
633 1804 734 1865 neque
752 1804 791 1846 ex
814 1803 851 1846 eo
868 1781 952 1858 Ioco,
978 1803 1043 1864 quo
1066 1784 1268 1859 constiterat,

236 1876 415 1963 Scipionem
433 1878 578 1961 progredi
594 1877 722 1962 propius
741 1897 775 1940 se
792 1875 1062 1939 animadvertisset
1078 1873 1224 1961 locoque
1237 1896 1268 1940 se

234 1972 335 2057 magis
354 1971 536 2048 defendere,
563 1970 844 2056 circumegisse,
873 1991 966 2053 quam
988 1968 1021 2031 in
1044 1990 1170 2055 campo
1187 1993 1269 2036 oom-

235 2065 337 2129 minus
356 2065 523 2129 consistere
541 2065 669 2142 audere,
692 2076 820 2128 nonest
838 2063 906 2128 visa
922 2063 1000 2127 ratio
1022 2064 1164 2149 propius
1182 2088 1269 2131 uoee·

235 2157 328 2221 dendi
346 2180 383 2222 eo
401 2158 451 2222 die
469 2158 509 2222 nd
527 2158 686 2244 oppidum,
705 2158 852 2241 quoniam
869 2157 913 2222 ibi
930 2157 1128 2242 praesidium
1148 2159 1269 2246 grande

234 2251 440 2315 Numidarum
470 2274 540 2317 esse
570 2263 759 2339 cognoverat
788 2252 955 2335 hostesque
989 2251 1134 2317 mediam
1168 2255 1268 2319 aciem

235 2368 324 2410 suam
347 2347 462 2431 oppido
484 2348 599 2413 texisse
621 2358 652 2412 ct
674 2347 734 2411 sibi
756 2346 882 2410 difficile
904 2347 989 2409 factu
1011 2366 1083 2409 esse
1107 2346 1269 2412 intellexit

235 2440 326 2503 simul
355 2452 385 2504 et
406 2441 554 2525 oppidum
577 2464 639 2505 uno
661 2452 798 2525 tempore
820 2461 1000 2525 oppugnare
1023 2449 1055 2502 et
1078 2439 1113 2503 in
1140 2443 1214 2507 acie
1240 2442 1270 2506 in

235 2556 331 2598 cornu
348 2535 457 2600 dextro
475 2558 512 2599 ae
530 2535 654 2600 sinistro
672 2557 711 2599 ex
729 2534 880 2616 iniquiore
901 2534 969 2597 loco
987 2553 1153 2616 pugnare,
1180 2557 1271 2620 prae·

235 2629 340 2692 sertim
363 2651 434 2693 eum
456 2630 569 2694 milites
592 2650 723 2693 amane
746 2628 808 2691 dici
828 2627 923 2691 ieiuni
947 2624 1005 2690 sub
1026 2626 1130 2692 armis
1162 2630 1270 2694 stetis·

235 2731 304 2784 sent
331 2719 533 2808 [defatigati].
577 2722 681 2805 itaque
707 2720 842 2785 reductis
869 2720 934 2784 suis
966 2719 1064 2803 copiis
1095 2719 1134 2783 in
1165 2738 1271 2787 castra

233 2827 358 2898 postero
389 2817 439 2880 dic
470 2816 597 2901 propius
628 2838 734 2879 corum
766 2815 864 2878 aciem
896 2814 1027 2878 instituit
1058 2818 1271 2904 exporrigere

233 2909 430 2973 munitiones.

183 3020 216 3066 43
298 3001 425 3065 Interim
440 3002 617 3076 Considius,
637 3002 691 3084 qui
704 3002 839 3066 Aciliam
925 3013 956 3065 ct
973 2999 1056 3064 VIII
1075 3000 1270 3068 cohortibus

235 3094 442 3177 stipendiariis
461 3095 604 3158 Numidis
624 3093 828 3177 Gaetulisque
846 3093 1017 3169 obsidebat,
1036 3092 1092 3156 ubi
1112 3092 1157 3159 C.
1180 3096 1271 3162 Mes-

235 3186 300 3249 sius
319 3185 497 3252 cohortibus
516 3199 665 3272 praeerat,
685 3189 737 3252 diu
752 3188 944 3269 multumque
958 3198 1106 3272 expertus
1119 3191 1271 3275 magnis-

234 3299 294 3360 que
313 3279 458 3363 operibus
483 3303 575 3365 saepe
598 3282 731 3345 admotis
754 3294 785 3345 ct
807 3280 855 3344 Iris
874 3280 913 3345 ab
936 3279 1101 3364 oppidanis
1121 3279 1269 3346 incensis

234 3394 304 3435 eum
323 3372 484 3456 proficeret
502 3374 593 3451 nihil,
617 3374 720 3439 subito
738 3375 845 3438 nuntio
864 3374 902 3438 dc
921 3372 1056 3457 equestri
1074 3374 1206 3456 proelio
1225 3375 1269 3440 al·

233 3464 296 3529 lato
314 3478 487 3531 commotus
502 3468 666 3543 frumento,
686 3469 774 3531 cuius
788 3468 942 3531 incastris
957 3468 1077 3551 copiam
1092 3466 1267 3545 habuerat,

232 3559 369 3635 incenso,
389 3561 471 3637 sino,
490 3561 559 3625 oleo
573 3563 744 3643 ceterisque
758 3561 861 3636 rebus,
876 3584 955 3643 quae
969 3562 1008 3623 ad
1023 3560 1141 3623 victum
1159 3564 1268 3646 parari

234 3652 343 3729 solent,
362 3656 513 3738 corruptis
532 3655 681 3729 Acillam‚
700 3677 793 3736 quam
812 3653 987 3729 obsidebat,
1007 3653 1145 3717 deseruit
1167 3666 1268 3740 atque

232 3747 340 3810 itinere
358 3769 414 3831 per
430 3771 561 3833 regumn
579 3747 677 3811 Iubae
700 3749 782 3812 l'acto
801 3748 906 3831 copias
929 3770 999 3811 curn
1019 3745 1172 3829 Scipione
1193 3772 1268 3834 par·

183 3840 307 3906 stritus
330 3840 539 3905 Adrumetum
567 3864 601 3905 se
627 3841 751 3925 recepit.
797 3842 913 3904 interca
939 3864 977 3903 ex
1005 3841 1144 3904 secundo
1175 3864 1267 3908 conr·

232 3945 346 4008 meatu,
365 3957 459 4016 quem
477 3958 496 3998 a
515 3934 621 3999 Sicilia
639 3935 764 3997 miserat
781 3935 924 4010 Alienus,
943 3934 1031 3997 navis
1050 3955 1124 4010 una,
1144 3934 1179 3997 iu
1200 3960 1266 4020 qua

233 4027 334 4090 suerat
353 4026 393 4108 Q.
414 4028 577 4092 Cominius
595 4037 626 4091 et
643 4028 684 4091 L.
704 4028 823 4101 Ticida,
843 4050 938 4109 eques
955 4027 1130 4103 Romanus,
1150 4027 1196 4092 ab
1216 4054 1266 4095 re·

234 4120 324 4183 sidua
341 4121 441 4185 classe
459 4144 531 4185 oum
549 4121 714 4184 erravisset
732 4121 894 4203 delataque
913 4114 996 4184 ess'et
1008 4129 1101 4183 vento
1115 4121 1158 4183 ad
1173 4121 1266 4187 Tha·

235 4235 322 4296 pson,
342 4214 512 4300 aVcrgilio
531 4215 654 4299 scaphis
668 4215 881 4296 naviculisquc
899 4214 1043 4278 actuariis
1062 4224 1200 4299 excepta
1216 4230 1265 4282 est

235 4318 265 4368 ct
283 4306 424 4371 abducta.
469 4310 542 4373 item
556 4309 657 4375 ¹altera
673 4308 761 4372 navis
780 4309 879 4371 trieris
899 4332 937 4372 ex
960 4309 1069 4371 eadem
1087 4306 1195 4373 classe
1215 4334 1265 4375 er-

234 4399 374 4463 rabunda
391 4423 427 4465 uo
445 4411 628 4486 tempestate
647 4401 749 4465 delata
761 4401 801 4465 ad
814 4400 1019 4486 Aegimurum
1034 4424 1052 4464 a
1067 4400 1171 4467 classe
1181 4402 1265 4469 Vari

234 4503 265 4556 et
282 4492 328 4556 M.
350 4492 463 4560 Octavi
481 4509 527 4561 est
546 4507 650 4581 capta,
673 4496 785 4580 inqua
806 4496 918 4559 milites
941 4495 1077 4558 veterani
1100 4518 1178 4561 cum
1197 4521 1266 4565 uno
