2738 5272
267 769 330 836 222
607 783 659 837 DE
676 778 802 835 BELLO
820 777 940 836 clvml

219 929 249 976 17
330 905 377 970 M.
387 904 488 971 Varro
504 904 537 970 in
555 904 698 970 ulteriore
711 902 865 989 Hispania
878 902 965 967 initio
979 901 1110 988 cognitis
1124 902 1165 967 iis
1179 901 1289 980 rebus,

266 1022 347 1085 quae
361 1000 477 1064 suntin
489 998 581 1064 ltalia
593 1009 710 1086 gestae,
728 997 873 1063 diffidens
886 995 1085 1082 Pompeianis
1097 994 1195 1061 rebus
1210 996 1290 1060 ami·

268 1094 392 1159 eissime
409 1092 449 1158 de
467 1091 603 1159 Caesare
619 1092 815 1177 loquebatur:
832 1098 1093 1177 praeoccupatum
1109 1110 1182 1154 sese
1201 1088 1290 1176 lega·

268 1188 351 1254 tione
368 1187 408 1253 ab
427 1187 486 1254 Cn.
504 1187 671 1272 Pompeio,
690 1187 786 1252 teneri
805 1186 986 1251 obstrictum
1003 1184 1078 1261 fide,
1096 1183 1184 1267 qnod
1203 1191 1289 1247 esset

268 1283 407 1348 officium
423 1282 531 1368 legati,
558 1281 612 1365 qui
628 1281 820 1346 fiduciariam
837 1302 963 1366 operam
984 1278 1150 1356 obtineret3
1176 1299 1289 1343 neees-

270 1376 435 1441 situdinem
453 1375 578 1460 quidem
597 1375 656 1440 sibi
673 1375 769 1440 nihilo
786 1375 936 1439 minorem
954 1395 1026 1439 eum
1040 1371 1178 1437 Caesare
1191 1372 1289 1437 inter·

268 1470 387 1548 cedere,
405 1491 506 1554 neque
524 1492 559 1536 se
575 1471 727 1557 ignorare,
746 1491 826 1553 quae
844 1469 925 1534 vires
943 1489 1028 1546 suae,
1046 1489 1125 1551 quae
1139 1466 1289 1532 voluntas

269 1586 345 1650 erga
362 1562 531 1628 Caesarem
553 1564 647 1629 totius
669 1564 854 1649 provinciae.
899 1562 976 1628 haee
997 1561 1142 1627 omnibus
1165 1560 1291 1625 ferebat

270 1657 463 1722 sermonibus
485 1679 586 1741 neque
608 1657 696 1722 sein
717 1657 811 1721 ullam
833 1666 952 1741 partem
974 1655 1126 1720 movebat.
1177 1665 1291 1740 postea

268 1773 357 1828 vero,
377 1773 448 1815 eum
467 1749 634 1815 Caesarem
653 1751 693 1814 ad
710 1750 885 1814 Massiliam
902 1750 1032 1813 detineri
1049 1749 1212 1834 cognorit,
1238 1770 1292 1813 co·

269 1845 337 1930 pias
354 1842 469 1908 Petreii
487 1867 559 1909 cum
577 1845 713 1909 exercitu
731 1843 856 1908 Afranii
873 1865 943 1908 esse
961 1844 1150 1920 coniunctas,
1171 1865 1292 1927 magna

270 1938 384 2002 auxilia
402 1939 592 2016 convenisse,
611 1961 725 2024 magna
743 1960 812 2002 esse
829 1939 862 2001 in
880 1959 935 2022 spe
953 1947 1044 2020 atque
1063 1937 1241 2021 exspectari
1260 1947 1293 2000 et

270 2031 443 2095 consentire
465 2053 589 2095 omnem
611 2032 781 2095 citeriorem
803 2032 994 2115 provinciam
1016 2051 1158 2113 quaeque
1176 2039 1293 2116 postea

270 2124 457 2201 acciderant,
479 2125 519 2187 de
537 2125 689 2209 angustiis
707 2124 747 2188 ad
765 2124 899 2189 Ilerdam
918 2125 961 2189 rei
978 2124 1214 2198 frumentariae,
1238 2146 1293 2189 ac·

270 2216 365 2301 cepit,
392 2227 484 2300 atque
502 2218 580 2283 haec
600 2219 640 2282 ad
662 2240 733 2282 eum
755 2219 846 2282 latius
865 2231 957 2302 atquc
978 2218 1113 2281 inflatius
1131 2216 1292 2283 Afranius

268 2310 487 2394 perscribebat,
508 2333 541 2376 se
559 2334 682 2396 quoque
700 2314 739 2377 ad
757 2323 859 2377 motus
878 2313 1019 2377 fortunae
1032 2333 1156 2376 morere
1175 2313 1292 2398 eoepit.

220 2422 251 2472 18
270 2403 422 2468 delectum
441 2405 549 2470 habuit
566 2416 631 2471 tota
647 2407 819 2491 provincia,
839 2407 1011 2492 legionibus
1030 2405 1193 2490 eompletis
1212 2405 1294 2470 dua·

269 2497 329 2561 bus
347 2498 489 2564 cohortes
507 2501 627 2565 circiter
643 2501 752 2566 XXX
770 2501 880 2565 alarias
899 2500 1025 2564 addidit.
1057 2499 1206 2563 frumenti
1224 2523 1294 2564 ma·

269 2615 366 2677 gnum
383 2617 546 2658 numerum
569 2597 684 2681 coegit,
711 2596 795 2679 quod
812 2594 1077 2669 Massiliensibus,
1104 2594 1181 2656 item
1204 2595 1293 2677 quod

268 2687 402 2753 Afranio
420 2687 606 2773 Petreioque
629 2689 771 2754 mitteret.
815 2711 910 2752 naves
933 2688 1043 2774 longas
1065 2686 1102 2750 X
1120 2684 1293 2752 Gaditanis

269 2793 304 2846 ut
321 2782 458 2846 facerent
475 2783 647 2868 imperavit,
666 2784 839 2867 complures
857 2792 1017 2867 praeterea
1030 2781 1155 2864 Hispali
1169 2781 1294 2846 facien·

270 2877 327 2940 das
349 2877 476 2940 curavit.
520 2877 685 2961 pecuniam
708 2900 831 2941 omnem
855 2877 1019 2958 omniaque
1042 2886 1227 2939 ornamenta
1252 2897 1294 2939 ex

271 2974 344 3033 lano
362 2970 508 3034 Herculis
526 2971 558 3033 in
576 2971 724 3055 oppidum
739 2968 837 3034 Gadis
856 2969 996 3033 eontulit:
1016 2991 1052 3033 eo
1071 2989 1126 3031 sex
1144 2967 1293 3033 cohortes

270 3063 416 3145 praesidii
437 3085 532 3126 causa
555 3086 594 3126 ex
615 3065 773 3146 provincia
794 3064 877 3126 misit
900 3061 1077 3144 Gaiumque
1096 3058 1292 3138 Gallonium,

271 3156 405 3237 equitem
422 3155 608 3232 Romanum,
627 3156 811 3220 familiarem
828 3157 975 3233 Domitii,
994 3156 1048 3237 qui
1066 3177 1102 3218 co
1119 3176 1294 3238 procuran-

271 3249 329 3311 dae
351 3247 528 3311 hereditatis
551 3271 646 3312 eausa
667 3260 792 3313 venerat
814 3251 928 3314 missus
952 3273 971 3312 a
991 3248 1144 3324 Domitio,
1173 3250 1293 3334 oppido

272 3339 415 3404 Gadibus
432 3341 594 3424 praefecit3
617 3366 703 3406 arma
721 3344 824 3407 omnia
841 3344 961 3427 privata
983 3364 1019 3406 ae
1040 3340 1166 3426 publica
1181 3341 1218 3405 in
1237 3343 1293 3407 do-

271 3456 357 3497 mum
379 3431 503 3498 Galloni
525 3436 661 3500 eontulit.
705 3437 773 3522 ipse
795 3436 903 3500 habuit
924 3458 1035 3522 graves
1062 3436 1094 3498 in
1118 3434 1294 3501 Caesarem

272 3529 440 3593 contiones.
485 3552 577 3614 saepe
596 3553 635 3594 ex
653 3530 797 3595 tribunali
813 3531 1003 3615 praedicavit
1021 3529 1153 3594 adversa
1171 3527 1294 3595 Caesa·

206 3692 208 3703 Ι
271 3646 336 3687 rem
353 3623 470 3707 proelia
487 3623 613 3702 fecisse,
637 3648 785 3711 magnum
803 3647 966 3688 numerum
985 3623 1024 3687 ab
1042 3645 1079 3687 eo
1097 3622 1235 3687 militum
1253 3625 1294 3688 ad

271 3715 438 3780 Afranium
456 3717 645 3804 perfugisse:
668 3720 744 3783 haec
763 3741 796 3782 se
815 3719 905 3782 certis
923 3717 1053 3793 nuntiis,
1072 3716 1164 3780 certis
1183 3727 1294 3782 aucto-

270 3810 357 3874 ribus
376 3811 572 3895 eomperisse.
599 3812 712 3894 quibus
729 3813 823 3876 rebus
841 3812 1018 3897 perterritos
1038 3810 1114 3874 civis
1127 3809 1292 3875 Romanos

272 3904 338 3968 eius
357 3905 533 3988 provinciae
552 3905 610 3969 sibi
628 3907 669 3968 ad
689 3906 911 3990 rempublicam
933 3904 1209 3968 administrandam
1228 3904 1293 3970 HS

273 3997 443 4062 CLXXX
457 4009 487 4062 et
501 4000 619 4084 argenti
632 4001 736 4083 pondo
749 3999 821 4063 XX
834 4000 927 4075 milia,
947 3999 1038 4062 tritici
1051 3998 1172 4062 modios
1187 3997 1295 4063 CXX

271 4091 357 4154 milia
373 4091 510 4175 polliceri
528 4093 638 4178 coegit.
682 4117 760 4178 quas
779 4092 907 4158 Caesari
926 4115 995 4156 esso
1013 4093 1128 4156 amicas
1147 4093 1293 4157 civitates

273 4184 491 4264 arbitrabatur,
518 4187 566 4252 his
588 4188 731 4273 graviora
752 4211 845 4252 onera
866 4187 1047 4273 iniungebat
1072 4187 1294 4273 praesidiaque

273 4299 310 4339 eo
337 4277 508 4343 deducebat
530 4290 560 4344 et
581 4282 695 4346 iudicia
715 4282 748 4345 in
769 4282 905 4366 privatos
927 4281 1089 4358 reddebat,
1117 4281 1171 4364 qui
1194 4281 1294 4347 verbo

273 4379 365 4451 atque
383 4371 551 4435 orationem
569 4374 717 4438 adversus
731 4374 954 4459 rempublicam
968 4375 1161 4452 habuissent;
1182 4396 1293 4440 eorum

273 4460 356 4524 bona
375 4461 408 4524 in
429 4464 587 4546 publicum
609 4466 780 4532 addicebat.
824 4468 1015 4553 provinciam
1039 4491 1163 4532 omnem
1181 4469 1214 4532 in
1232 4491 1295 4533 sua

274 4564 305 4617 et
318 4553 448 4640 Pompei
462 4557 556 4622 verba
568 4559 781 4625 iusiurandum
794 4561 949 4647 adigebat.
981 4562 1112 4648 cognitis
1126 4561 1165 4626 iis
1182 4560 1293 4640 rebus,
