2692 5206
512 781 640 839 CAPUT
659 783 760 837 6-10.
1081 768 1145 833 329

124 907 323 993 comportari.
350 906 484 992 remiges
503 906 635 982 interim,
654 906 708 989 qui
721 916 869 987 aquatum
884 928 902 971 e
915 905 1048 979 navibus
1062 906 1147 971 exie-

124 1016 210 1080 rant,
230 1000 333 1067 subito
351 1002 470 1084 equites
488 1001 594 1064 Mauri
611 1022 712 1084 neque
730 1001 927 1085 opinantibus
947 1001 1145 1066 Caesarianis

123 1097 226 1163 adorti
243 1097 357 1161 multos
375 1096 484 1160 iaculis
504 1095 777 1172 eonudnerarunt‚
800 1096 965 1162 nonnullos
983 1097 1146 1162 interfece-

124 1203 205 1256 runt.
241 1191 338 1255 latent
355 1191 437 1254 enim
455 1191 487 1254 in
504 1190 625 1254 insidiis
643 1211 714 1253 eum
736 1190 825 1273 equis
842 1191 922 1255 inter
939 1192 1097 1256 convalles
1115 1206 1147 1256 et

125 1284 231 1350 subito
240 1285 386 1360 existunt,
404 1306 467 1348 non
477 1295 510 1347 ut
522 1284 554 1347 ia
568 1306 679 1368 campo
693 1284 865 1348 comminus
874 1285 1054 1371 depugnent
1063 1334 1144 1350 ......

126 1378 246 1444 Caesar
261 1379 385 1443 interim
403 1379 436 1442 in
450 1376 627 1443 Sardiniam
645 1378 770 1442 nuntios
788 1400 859 1442 cum
877 1379 985 1443 litteris
1004 1391 1035 1444 et
1052 1381 1085 1445 in
1096 1400 1179 1446 re-8

124 1473 227 1557 liquas
249 1473 424 1557 provincias
446 1473 593 1537 finitimas
612 1473 744 1548 dimisit,
772 1484 806 1536 ut
828 1473 888 1537 sibi
910 1475 1039 1551 auxilia,
1062 1496 1146 1539 ecm-

125 1578 257 1643 meatus,
276 1566 475 1642 frumentum,
495 1566 681 1650 simulatque
694 1566 811 1630 litteras
824 1565 982 1652 legissent,
997 1568 1147 1632 mittenda

125 1670 283 1736 emanent,
312 1661 549 1743 exoneratisque
570 1661 682 1744 partim
703 1659 837 1724 navibus
858 1660 960 1746 longis
982 1661 1145 1727 Rabirium

125 1753 314 1820 Postumum
335 1754 366 1817 in
391 1752 530 1819 Siciliam
553 1756 593 1818 ad
619 1754 791 1818 secundum
813 1766 1021 1819 commeatum
1043 1777 1145 1820 arces-

126 1847 258 1913 sendum
277 1848 369 1912 mittit
452 1847 575 1912 interim
597 1869 668 1911 cum
686 1847 723 1911 X
740 1846 872 1913 navibus
892 1846 995 1934 longis
1018 1849 1059 1913 sd
1075 1849 1146 1914 reli-

125 1963 205 2026 quas
222 1963 319 2007 naves
338 1942 494 2006 onerarias
517 1941 757 2024 conquirendas,
780 1963 861 2024 quae
882 1942 1091 2020 deerrassent,
1115 1953 1146 2007 et

127 2035 220 2100 simul
246 2058 331 2100 mare
354 2037 503 2100 tuendum
526 2034 566 2099 ab
592 2035 734 2101 hostibus
757 2035 843 2100 iubet
864 2037 1027 2122 proficisci.
1071 2036 1145 2101 item

127 2127 165 2195 C.
189 2127 374 2195 Sallustium
398 2127 546 2215 Crisprmr
567 2140 740 2214 praetorem
762 2131 802 2194 ad
825 2130 990 2196 Cercinam
1011 2129 1145 2196 insulam

127 2245 251 2300 versus,
273 2244 368 2307 quam
386 2223 557 2288 adversarii
575 2223 736 2300 tenebant,
760 2247 831 2288 eum
853 2235 940 2309 parte
957 2226 1083 2290 navium
1100 2224 1146 2289 irc

127 2316 221 2394 iubet,
239 2318 324 2400 quod
341 2317 384 2382 ibi
401 2339 551 2404 magnum
568 2339 731 2382 numerum
745 2318 893 2383 frumenti
906 2341 975 2384 esse
989 2317 1143 2384 audiebat.

127 2410 204 2477 baec
224 2413 269 2476 ita
289 2411 462 2496 imperabat
485 2412 666 2494 unicuique,
693 2413 737 2476 ita
757 2413 980 2498 praecipiebat,
1007 2413 1053 2478 uti
1077 2413 1145 2478 fieri

129 2517 255 2591 possent
271 2527 372 2588 neque
389 2505 493 2571 locum
516 2506 674 2570 excusatio
692 2506 788 2570 ullum
807 2506 934 2572 haberet
950 2529 1008 2572 nee
1025 2529 1144 2571 moram

130 2599 350 2687 tergiversatio.
391 2601 459 2685 ipse
481 2601 598 2664 interea
615 2622 655 2663 ex
673 2599 813 2686 perfugis
832 2611 863 2665 et
884 2601 993 2665 ineolis
1012 2600 1145 2686 cognitis

130 2693 360 2759 condicionibus
384 2692 540 2779 Scipionis
563 2704 593 2757 et
615 2694 668 2777 qui
690 2716 761 2757 eum
784 2716 822 2759 eo
843 2693 960 2759 bellum
982 2704 1089 2759 eontm
1111 2716 1145 2758 se

129 2786 275 2871 gerebant
291 2787 432 2852 miserari
450 2788 584 2874 (regium
602 2788 685 2851 enirn
703 2788 874 2871 equitatum
893 2779 1000 2872 Scipio
1018 2810 1057 2851 ex
1074 2809 1145 2873 pro-

128 2881 226 2946 nucia
244 2880 356 2946 Africa
372 2881 488 2965 alebat)
506 2891 592 2945 tanta
609 2881 750 2946 homines
765 2904 835 2946 esse
849 2882 1014 2959 dementia,
1033 2892 1067 2945 ut
1080 2904 1146 2945 ma·

127 2970 179 3040 lint
196 2974 283 3060 regis
300 2996 370 3040 esse
392 2975 576 3060 vectigales,
603 2997 697 3059 quam
716 2998 786 3040 eum
805 2976 925 3040 civibus
942 2976 975 3040 in
996 2973 1096 3061 patria
1113 2974 1146 3038 in

126 3070 188 3135 mis
207 3069 341 3134 fortunis
360 3091 430 3133 esse
447 3069 628 3134 incolumes.

185 3163 309 3229 Caesar
330 3186 358 3227 a.
380 3165 411 3228 d.
433 3163 486 3227 III
507 3186 579 3228 non.
604 3164 670 3228 Ian.
693 3176 795 3228 eastra
820 3175 938 3244 movct3
965 3165 1062 3250 Lepti
1089 3185 1178 3231 sexa

119 3258 298 3325 cohortium
316 3257 471 3343 praesidio
489 3279 559 3322 cum
575 3255 712 3322 Saserna
724 3258 831 3323 relicto
844 3259 912 3343 ipse
925 3282 1042 3336 rursus,
1061 3259 1145 3323 unde

113 3352 222 3433 pridie
240 3362 377 3428 venerat,
395 3351 570 3436 Ruspinam
584 3374 654 3416 eum
668 3353 795 3435 reliquis
811 3354 908 3438 copiis
923 3353 1074 3419 convertit
1087 3353 1146 3417 ibi-

111 3462 181 3531 que
202 3446 334 3510 sarcinis
348 3447 501 3510 exereitus
515 3446 629 3510 relictis
644 3448 711 3532 ipse
725 3470 795 3511 eum
810 3449 955 3532 expedita
967 3471 1061 3511 manu
1074 3468 1145 3532 pro-

109 3536 273 3607 ficiscitur
291 3540 407 3604 circum
425 3540 514 3603 villas
532 3539 754 3604 frumentatum
767 3540 992 3625 oppidanisque
1005 3542 1144 3624 imperat,

108 3646 149 3701 ut
178 3634 303 3719 plostra
327 3634 526 3718 iumentaque
552 3635 655 3699 omnia
681 3647 858 3717 sequantur.
902 3635 1006 3716 itaque
1032 3655 1146 3717 magno

106 3744 256 3795 numero
276 3727 424 3793 frumenti
445 3728 571 3792 invento
593 3728 768 3812 Ruspinam
790 3727 879 3791 redit.
923 3727 984 3791 huc
1006 3748 1077 3790 eum
1099 3725 1146 3789 id-

106 3824 206 3889 circo
225 3821 370 3887 existimo
392 3822 562 3906 recepisse,
590 3832 625 3885 ut
647 3823 801 3886 maritima
822 3821 937 3906 oppida
957 3831 1029 3906 post
1051 3840 1085 3884 se
1105 3840 1145 3883 ne

106 3932 225 3983 vacus
242 3915 429 3999 relinqueret
446 3916 661 4000 praesidioque
672 3917 793 3980 firmata
806 3916 846 3979 ad
865 3914 990 3979 classim
1007 3923 1146 3996 recepta-

106 4008 194 4076 cula
210 4009 356 4073 muniret.
400 4009 503 4092 itaque
526 4009 570 4074 ibi
587 4009 694 4074 relicto
712 4009 750 4074 P.
770 4008 921 4085 Saserna,
950 4007 1044 4071 fratre
1066 4006 1143 4082 eius,
1165 4026 1195 4070 10

106 4122 218 4189 quem
227 4101 333 4187 Lepti,
351 4103 493 4188 proximo
507 4104 631 4188 oppido,
650 4104 824 4187 reliquerat,
840 4127 910 4168 eum
925 4101 1046 4188 legione
1059 4100 1145 4166 iubet

106 4198 310 4281 comportari
327 4197 413 4283 ligna
430 4198 462 4261 in
480 4199 629 4283 oppidum
647 4222 740 4281 quam
758 4198 904 4282 plurima3
923 4197 990 4280 ipse
1008 4218 1080 4259 eum
1093 4216 1145 4259 ec-

106 4286 266 4359 hortibus
284 4289 360 4368 VII,
380 4314 460 4375 quac
479 4314 518 4356 ex
535 4294 688 4358 veteranis
706 4293 883 4377 legionibus
905 4291 937 4354 in
955 4289 1056 4353 classe
1073 4310 1144 4352 eum

106 4382 268 4470 Sulpicio
295 4396 325 4448 et
348 4383 474 4449 Vatinio
501 4408 567 4450 rem
594 4398 769 4472 gesserant,
797 4407 836 4448 ex
861 4384 975 4468 oppido
1002 4382 1145 4468 Ruspina

106 4498 272 4566 egressus
298 4479 503 4563 proficiscitur
529 4481 570 4543 ad
595 4493 732 4565 portum,
764 4480 817 4562 qui
845 4477 933 4542 abest
965 4475 1005 4542 ab
1030 4477 1144 4562 oppido

106 4571 210 4637 tullia
228 4595 378 4657 passuum
397 4575 469 4651 duc,
488 4574 593 4657 ibique
612 4575 743 4639 classem
763 4573 821 4638 sub
839 4595 1004 4658 vesperum
1022 4592 1145 4635 cumea
