2738 5272
211 708 274 775 380
518 719 633 774 BELLI
653 718 922 776 HISPANIENSIS

207 845 312 930 plures
334 843 580 907 adversariorum
603 866 788 908 coneursum
810 843 965 921 facerent,
996 844 1134 929 equites
1158 844 1248 910 nostri

208 937 392 1023 transgressi
411 938 555 1002 inferiore
572 938 642 1002 loco
660 937 853 1002 adversarios
867 937 908 1001 ad
922 936 1055 1003 vallum
1070 962 1173 1025 agere
1185 961 1247 1003 eoe-

207 1044 327 1118 perunt.
371 1031 415 1095 ita
433 1032 574 1116 cupidius
592 1032 667 1094 dum
686 1032 767 1095 intra
788 1030 946 1115 praesidia
962 1030 1106 1098 illorum
1126 1033 1246 1099 student

208 1127 335 1189 caedem
352 1125 469 1201 facere,
497 1149 515 1188 a
533 1125 642 1188 turmis
660 1136 691 1188 et
708 1125 769 1189 levi
787 1134 945 1189 armatura
968 1127 1055 1190 sunt
1077 1127 1245 1193 interclusi

207 1240 339 1302 quorum
356 1218 417 1282 nisi
435 1242 557 1282 summa
577 1219 674 1282 virtus
691 1218 813 1294 fuisset,
832 1218 895 1281 vivi
912 1218 1004 1303 eapti
1024 1234 1153 1285 essent.
1181 1242 1246 1285 uam

207 1325 238 1377 et
256 1312 425 1376 munitione
443 1312 588 1396 praesidii
601 1312 645 1375 ita
657 1310 953 1397 coangustabantur‚
973 1322 1013 1376 ut
1028 1335 1138 1398 eques
1152 1313 1246 1400 spatio

207 1406 374 1471 intercluso
400 1405 453 1468 vix
480 1427 513 1469 se
540 1405 707 1469 defendere
733 1417 847 1489 posset.
891 1427 931 1470 ex
959 1416 1110 1491 utroque
1136 1429 1245 1495 genere

207 1522 332 1586 pugnae
350 1498 524 1584 complures
548 1510 620 1562 sunt
642 1499 821 1564 vulneribus
844 1498 965 1576 affecti,
993 1500 1035 1565 in
1059 1503 1139 1585 quis
1157 1504 1245 1568 etiam

209 1593 339 1659 Clodius
352 1592 531 1676 Arquitius3
550 1594 629 1657 inter
646 1615 724 1676 quos
738 1594 782 1657 ita
794 1593 970 1658 comminus
985 1606 1043 1659 est
1057 1608 1244 1683 pugnatum,

207 1700 242 1752 ut
260 1711 299 1753 ex
312 1688 425 1752 nostris
437 1700 560 1772 praeter
573 1687 651 1751 duos
665 1687 859 1751 centuriones
874 1688 912 1751 sit
927 1710 1028 1753 nemo
1044 1690 1244 1756 desideratus

158 1807 190 1852 24
208 1782 358 1867 gloriose
376 1782 549 1845 efferentes.
594 1791 718 1866 postero
736 1782 786 1845 die
807 1781 847 1845 ad
867 1779 1014 1846 Soricam
1035 1794 1244 1869 utrorumque

208 1897 380 1940 convenere
398 1876 514 1959 copiae.
541 1875 639 1939 nostri
657 1873 783 1939 brachia
800 1876 913 1938 ducere
926 1889 1125 1959 coeperunt.
1153 1878 1244 1943 Pom·

208 1970 296 2054 peius
324 1991 394 2032 cum
422 1968 680 2032 animadverteret
706 1968 833 2032 castello
860 1990 894 2032 se
924 1969 1061 2034 excludi
1093 1970 1242 2058 Aspauia,

207 2063 291 2146 quod
309 2072 357 2126 est
374 2061 413 2126 ab
432 2061 538 2126 Ucubi
555 2063 640 2126 milia
657 2085 808 2147 passuum
825 2060 865 2138 V,
889 2061 967 2126 haec
985 2085 1042 2127 res
1063 2066 1243 2131 necessario

208 2155 392 2230 devocabat,
421 2165 454 2218 ut
471 2155 512 2218 ed
533 2154 742 2219 dimicandum
761 2155 978 2233 descenderet3
1007 2179 1125 2241 neque
1143 2170 1242 2225 umen

207 2272 307 2332 aeque
324 2250 392 2313 loco
411 2249 458 2313 sui
477 2260 660 2333 potestatem
679 2250 822 2326 faciebat,
842 2250 954 2314 sodex
972 2272 1101 2335 grumo
1121 2304 1242 2319 ......

208 2343 365 2408 excelsum
383 2343 536 2407 tumulum
555 2344 705 2429 capiebat,
724 2367 823 2427 usque
841 2366 878 2408 eo
896 2355 930 2406 ut
943 2348 1141 2413 necessario
1155 2372 1242 2435 coge·

208 2450 291 2501 retur
308 2438 447 2520 iniquum
465 2437 568 2502 locum
587 2438 699 2502 subire.
744 2461 806 2520 quo
825 2439 863 2502 de
882 2438 964 2502 laeto
984 2462 1065 2504 oum
1088 2456 1242 2507 utrorum·

207 2553 267 2613 que
294 2532 401 2615 copiae
428 2532 580 2594 tumulum
607 2532 809 2595 excellentem
840 2533 1005 2616 petissent,
1040 2537 1202 2619 prohibiti
1226 2562 1242 2599 a

207 2625 320 2689 nostris
339 2636 424 2699 sunt,
444 2626 554 2688 deiecti
572 2626 713 2709 planicie.
757 2648 904 2708 quaeres
924 2628 1112 2694 secundum
1132 2632 1241 2697 nostris

208 2719 364 2783 efficiebat
384 2718 545 2803 proelium.
591 2720 727 2802 undique
751 2720 930 2783 cedentibus
957 2721 1163 2791 adversariis
1186 2749 1241 2789 non

207 2836 316 2897 parum
339 2834 453 2897 magna
475 2814 506 2876 in
524 2814 619 2876 caede
641 2814 852 2878 versabantur.
897 2813 1012 2896 quibus
1036 2838 1157 2896 mons,
1186 2842 1241 2884 nou

208 2908 304 2971 virtus
323 2907 415 2970 saluti
432 2906 491 2969 fuit
506 2906 654 2970 subsidio.
682 2908 839 2990 quodnisi
854 2908 1116 2991 advesperasset,
1138 2938 1158 2977 a
1171 2937 1242 2998 pau·

207 3000 341 3063 rioribus
353 3000 465 3063 nostris
476 3000 558 3062 omni
573 3000 687 3062 auxilio
702 3001 813 3084 privati
828 3012 941 3064 essent.
968 3023 1043 3064 nam
1056 3007 1242 3071 ceciderunt

208 3117 246 3157 cx
256 3094 316 3157 levi
327 3103 481 3156 armatura
491 3092 733 3170 CCCXXlHl,
750 3118 788 3157 ex
801 3095 978 3180 legionariis
991 3094 1240 3174 CXXXVIII,

207 3200 420 3270 praeterquam
439 3208 571 3268 quorum
589 3211 675 3251 arma
693 3200 724 3251 et
742 3190 840 3272 spolia
858 3190 950 3252 allata
964 3200 1048 3253 sunt.
1080 3193 1132 3257 ita
1146 3195 1241 3279 pridie

207 3281 338 3343 (luorum
357 3280 570 3344 centurionum
585 3282 718 3345 interitio
732 3281 791 3345 hac
806 3283 1053 3346 adversariorum
1071 3307 1185 3369 poena
1198 3300 1243 3352 est

157 3396 188 3441 aa
207 3374 301 3436 litata.
342 3373 515 3455 insequenti
538 3375 587 3437 die
605 3375 672 3458 pari
695 3377 918 3439 consuetudine
941 3398 1013 3438 eum
1036 3379 1082 3440 ad
1105 3383 1241 3445 eundem

206 3468 308 3531 locum
327 3468 393 3531 eius
411 3469 599 3551 praesidium
617 3469 762 3545 venisset,
783 3471 910 3553 pristino
925 3470 976 3533 illo
991 3492 1051 3533 suo
1066 3475 1244 3540 utebantur

205 3563 360 3625 institute:
388 3586 459 3624 nam
481 3573 603 3645 praeter
625 3563 743 3644 equites
769 3564 854 3627 nullo
877 3564 945 3627 loco
968 3585 1072 3646 aequo
1099 3592 1139 3632 se
1159 3592 1243 3634 com-

206 3656 326 3718 mittere
349 3655 513 3718 audebant.
559 3678 629 3719 eum
652 3657 749 3719 nostri
772 3657 804 3720 in
827 3679 920 3741 opere
943 3670 1062 3733 essent,
1094 3664 1242 3745 equitum

207 3747 314 3831 copiae
332 3770 501 3812 concursus
520 3748 622 3812 facere
645 3761 826 3833 coeperunt,
855 3750 1008 3833 simulque
1032 3755 1242 3820 vociferanti·

205 3840 265 3905 bus
284 3840 475 3926 legionariis,
500 3865 570 3905 eum
589 3842 691 3905 locum
710 3844 917 3928 efflagitarent
934 3855 968 3906 ut
987 3851 1139 3912 consueti
1158 3850 1241 3913 inse-

205 3935 273 4016 qui3
296 3935 473 3998 existimare
491 3958 600 4020 posses
619 3937 831 4020 paratissimos
856 3960 925 4001 esse
948 3938 988 4000 ad
1005 3937 1240 4007 dimicandum.

206 4029 302 4093 nostri
320 4052 359 4092 ex
377 4030 485 4093 bumili
504 4031 642 4094 convalle
665 4031 744 4095 bene
762 4033 855 4114 longe
879 4043 951 4095 sunt
973 4035 1095 4117 egressi
1117 4050 1152 4100 et
1175 4037 1241 4122 pla·

207 4124 285 4186 nicie
303 4124 452 4205 iniquiore
474 4124 543 4188 loeo
567 4125 782 4202 constitemnt3
811 4126 855 4188 illi
877 4136 980 4189 tamen
1002 4128 1117 4209 procul
1142 4131 1240 4195 dubio

207 4217 246 4279 ad
264 4218 526 4301 congrediendum
545 4219 575 4280 in
590 4241 724 4300 aequum
738 4219 840 4283 locum
855 4242 916 4282 non
931 4231 1002 4281 sunt
1016 4221 1085 4283 ausi
1101 4223 1240 4289 deseen-

207 4309 279 4373 dere
297 4323 418 4394 praeter
435 4335 531 4375 unum
550 4312 723 4375 Antistium
742 4313 947 4397 Turpionem3
967 4312 1019 4395 qui
1037 4313 1146 4380 fidens
1167 4318 1239 4381 riri·

208 4404 266 4468 bus
284 4428 323 4469 ex
337 4407 521 4471 adversariis
536 4408 594 4471 sibi
609 4431 715 4493 parem
729 4432 798 4472 esse
813 4408 967 4472 neminem
982 4406 1103 4492 agitare
1119 4413 1236 4496 coepit.

208 4498 267 4576 bic,
286 4513 320 4564 ut
339 4502 434 4567 fertur
452 4503 584 4568 Achillis
601 4502 842 4587 Memnonisque
859 4524 1056 4587 congressus,
1077 4502 1122 4585 Q.
1139 4505 1238 4571 Pom-
