2692 5206
453 755 570 814 COMlL
588 760 638 815 111.
655 758 777 815 34-38.
1062 746 1125 814 253

99 906 213 949 versus
230 883 289 948 iter
305 880 409 948 facere
427 882 537 968 coepit.
564 891 597 946 at
611 879 791 967 Scipionem
804 893 1020 968 properantem
1036 885 1124 967 sequi

99 979 222 1043 litterae
240 986 313 1042 sunt
330 985 515 1041 consecutae
533 999 553 1039 a
568 974 616 1039 M.
630 975 781 1055 Favonio,
799 976 976 1042 Domitium
993 1000 1064 1042 eum
1081 978 1126 1043 le-

100 1071 249 1159 gionibus
262 1071 374 1135 adesse
387 1092 488 1154 neque
498 1092 533 1135 se
546 1070 746 1155 praesidium,
765 1071 820 1136 ubi
833 1071 1018 1137 constitutus
1032 1086 1124 1147 esset,

102 1167 172 1233 sine
193 1165 309 1231 auxilio
333 1163 491 1250 Scipionis
518 1175 623 1230 tenere
649 1187 753 1250 posse.
798 1165 913 1249 quibus
938 1166 1049 1231 litteris
1075 1189 1127 1231 ac·

103 1260 202 1347 ceptis
220 1259 384 1325 consilium
404 1257 512 1345 Scipio
530 1259 648 1343 iterque
667 1270 851 1337 commutat3
871 1258 1020 1325 Cassium
1038 1261 1126 1344 sequi

103 1354 240 1432 desistit,
263 1353 404 1418 Favonio
422 1352 572 1418 auxilium
590 1352 671 1418 serre
688 1354 855 1418 contendit.
895 1354 1000 1437 itaque
1022 1354 1071 1420 die
1089 1377 1126 1419 ac

102 1460 194 1513 noete
211 1447 391 1513 continuato
408 1448 517 1511 itincre
536 1447 577 1512 ad
594 1470 665 1512 eum
687 1448 841 1533 pervenit,
869 1458 933 1512 tam
951 1459 1126 1533 opportuno

102 1554 258 1628 tempore,
286 1553 320 1605 ut
338 1541 430 1606 simul
447 1540 621 1605 Domitiani
644 1542 797 1607 exercitus
815 1541 917 1626 pulvis
941 1552 1125 1619 cerneretur,

102 1647 135 1700 et
150 1635 244 1722 primi
261 1644 476 1700 antecursores
495 1632 651 1719 Scipionis
670 1636 856 1700 riderentur.
887 1635 931 1699 ita
949 1633 1063 1700 Cassio
1080 1636 1127 1699 iu-

101 1729 223 1795 dustria
243 1728 389 1805 Domitii,
416 1728 557 1794 Favonio
582 1727 738 1814 Scipionis
762 1729 903 1794 celeritas
925 1729 1059 1795 salutem
1081 1741 1127 1793 at·

102 1823 182 1887 tulit.
228 1820 335 1908 Scipio
352 1822 483 1887 biduum
500 1822 610 1886 castris
635 1822 755 1887 stativis
778 1833 917 1888 moratus
940 1822 981 1887 ad
997 1822 1124 1899 flumen,
1146 1843 1176 1891 ur

102 1916 190 2000 quod
210 1916 292 1982 inter
317 1939 389 1981 euru
412 1927 442 1981 et
463 1916 596 1982 Domitii
618 1925 720 1981 castra
741 1916 872 1995 fluebat,
899 1916 1125 1994 Aliacmonem,

102 2012 195 2076 tertio
217 2011 267 2076 die
289 2011 389 2096 prima
410 2012 479 2076 lucc
501 2011 671 2077 exercitum
697 2011 777 2076 vado
806 2011 939 2078 traducit
964 2021 995 2077 ct
1016 2013 1126 2077 castris

101 2105 214 2190 positis
235 2118 361 2191 postero
382 2105 433 2170 dic
454 2128 545 2170 mane
572 2106 679 2191 copias
701 2116 773 2170 ante
795 2105 929 2169 frontem
955 2114 1126 2171 castrorum

102 2199 237 2265 instruit.
279 2197 439 2263 Domitius
459 2210 524 2263 tum
542 2221 666 2283 quoquc
684 2199 744 2264 sibi
766 2199 973 2265 dubitandum
989 2222 1053 2265 non
1069 2222 1127 2285 pu-

102 2294 196 2371 tavit,
223 2292 298 2375 quin
319 2293 478 2378 productis
500 2292 677 2379 legionibus
700 2293 819 2378 proelio
841 2293 1021 2358 decertaret.
1071 2293 1126 2358 sed

102 2408 176 2451 cum
198 2396 283 2453 esset
303 2385 383 2451 iuter
404 2385 478 2452 bina
499 2400 601 2451 castra
623 2408 751 2472 campus
774 2386 895 2452 circiter
917 2388 1036 2451 milium
1053 2409 1126 2472 pas-

102 2478 265 2557 suumVI,
283 2478 443 2545 Domitius
461 2482 570 2545 eastris
586 2478 741 2565 Scipionis
760 2481 858 2545 aciem
877 2504 966 2545 suam
981 2479 1125 2557 subiecit3

101 2574 155 2639 ille
176 2597 196 2639 a
217 2573 301 2638 vallo
322 2596 384 2639 nou
407 2574 566 2640 discedere
589 2575 809 2660 perseveravit.
853 2597 889 2639 ac
912 2584 1016 2639 tamen
1033 2597 1126 2659 aegre

101 2668 231 2733 retentis
248 2666 438 2733 Domitianis
462 2667 610 2733 militibus
633 2679 681 2733 est
703 2668 834 2745 factum,
861 2690 900 2732 ue
918 2668 1035 2753 proelio
1053 2690 1126 2732 con-

102 2762 295 2840 tenderetur,
323 2773 353 2828 ct
370 2764 520 2840 maxime,
547 2764 631 2846 quod
647 2764 734 2827 rivus
757 2762 936 2827 difficilibus
958 2762 1033 2846 ripis
1052 2761 1126 2826 sub-

101 2858 202 2923 iectus
220 2857 330 2922 caetris
349 2854 505 2942 Scipionis
522 2880 709 2943 progressus
727 2868 903 2922 nostrorum
926 2855 1124 2941 impediebat.

101 2972 238 3035 quorum
251 2951 390 3017 studium
402 2952 655 3036 alacritatemque
668 2952 829 3037 pugnandi
842 2974 913 3015 cum
927 2949 1125 3037 cognovisset

104 3042 228 3131 Scipio,
256 3045 432 3130 suspicatus
451 3045 532 3123 sore,
560 3057 594 3111 ut
611 3057 736 3131 postero
754 3046 805 3110 die
827 3056 880 3110 aut
901 3045 1017 3109 insitus
1036 3044 1126 3109 dimi-

101 3160 174 3203 care
196 3149 359 3225 cogeretur
379 3150 433 3204 aut
454 3163 570 3225 magna
593 3162 664 3205 cum
687 3139 817 3204 infamia
838 3139 948 3205 castris
971 3161 1005 3203 se
1028 3139 1126 3204 conti-

102 3241 200 3310 neret,
215 3231 270 3317 qui
277 3255 392 3319 magna
404 3235 638 3319 exspectatione
651 3235 797 3312 venisset,
812 3245 927 3299 temere
940 3255 1125 3320 progressus

102 3337 229 3411 turpem
252 3326 362 3392 habuit
387 3328 506 3392 exitum
533 3340 564 3392 et
589 3341 684 3393 noctu
710 3351 750 3393 ne
776 3328 976 3393 conclamatis
999 3328 1124 3411 quidem

101 3419 189 3485 vasis
206 3418 323 3485 flumen
340 3421 449 3486 transit
467 3431 561 3505 atquc
578 3422 611 3485 in
629 3422 760 3487 eandem
779 3433 912 3507 partem,
936 3444 975 3485 ex
992 3443 1056 3505 qua
1072 3442 1125 3483 ve-

101 3522 207 3591 nerat,
228 3514 308 3579 redit
324 3513 430 3598 ibique
448 3536 545 3600 prope
567 3515 683 3579 flumen
706 3516 789 3581 edito
806 3527 916 3581 natura
938 3515 1007 3579 loce
1025 3523 1126 3578 castra

101 3606 219 3693 posuit.
257 3608 366 3693 paucis
384 3608 494 3673 diebus
511 3609 700 3695 interpositis
718 3620 812 3674 noctu
834 3609 963 3674 insidias
985 3608 1124 3691 equitum

101 3698 276 3779 collocavit,
294 3723 357 3784 quo
374 3701 406 3765 iu
422 3701 491 3767 loco
509 3702 721 3787 superioribus
738 3703 804 3768 sere
822 3702 933 3767 (liebus
951 3701 1048 3766 nostri
1066 3722 1124 3784 pa-

102 3793 206 3861 bulari
222 3808 421 3875 consuerant;
444 3810 565 3862 etcum
583 3799 738 3864 cotidiana
759 3798 983 3864 consuetudine
1001 3796 1042 3880 Q.
1060 3795 1125 3860 Va

100 3910 173 3967 urs,
198 3890 375 3975 praefectus
397 3891 537 3975 equitum
554 3891 691 3970 Domiti,
715 3893 866 3970 venisset,
889 3891 993 3958 subito
1015 3890 1060 3955 illi
1085 3912 1124 3953 ex

100 3980 226 4048 insidiis
248 3995 516 4049 consurrexerrmt.
561 3986 617 4051 sed
640 3987 739 4052 nostri
760 3987 881 4052 sortiter
900 3987 1052 4071 impetum
1073 4006 1125 4048 eo-

100 4098 174 4141 rum
191 4075 341 4155 tulerunt,
365 4078 565 4164 celeriterque
587 4081 628 4145 ad
646 4104 720 4145 suos
739 4082 871 4165 quisque
894 4080 1017 4145 ordines
1035 4078 1123 4155 redit,

100 4182 198 4255 atque
219 4170 301 4237 ultro
324 4173 460 4238 universi
481 4174 514 4238 in
535 4174 642 4239 hostes
664 4175 816 4259 impetum
838 4175 992 4252 seceruut3
1019 4195 1058 4237 ex
1075 4171 1124 4235 his

100 4264 226 4331 circiter
251 4266 395 4332 LXXX
419 4267 604 4346 intersectis,
630 4269 757 4352 reliquis
784 4269 816 4332 in
842 4269 951 4355 fugam
977 4268 1124 4333 coniectis

99 4357 228 4426 duobus
246 4361 371 4428 amissis
387 4362 421 4426 iu
438 4373 540 4428 castra
557 4385 591 4428 se
609 4376 801 4448 receperunt.
843 4363 891 4429 his
914 4364 1008 4429 rebus
1026 4362 1123 4449 gestis
1142 4379 1174 4427 38

97 4452 264 4521 Domitius
277 4479 406 4542 sperans
418 4455 597 4543 Scipionem
610 4457 651 4521 ad
663 4479 802 4541 pugnam
816 4456 884 4522 elici
893 4480 987 4543 posse
998 4458 1124 4524 simula-

97 4548 148 4614 rit
161 4571 232 4615 sese
245 4551 397 4637 angustiis
409 4551 455 4616 rei
468 4551 686 4616 frumentariae
700 4551 869 4617 adductum
883 4563 984 4619 castra
997 4574 1122 4617 movero
