2692 5206
467 803 584 862 COMM.
603 805 654 860 111.
673 804 824 860 loa-105.
1089 790 1152 856 283

136 929 291 995 societatis
310 928 433 994 sublata
451 939 481 993 ct
498 953 518 994 a
535 928 721 1012 quibusdam
734 929 863 1013 privaus
883 937 1007 1013 sumpta
1024 938 1055 992 et
1072 928 1152 992 aeris

134 1045 249 1108 magno
274 1023 410 1108 pondere
437 1023 477 1087 ad
507 1023 671 1086 militarem
702 1045 794 1087 usum
820 1024 852 1086 in
882 1043 980 1086 naves
1007 1021 1153 1106 imposito

133 1116 319 1199 duobusque
349 1115 474 1180 milibus
501 1115 661 1181 hominum
692 1117 833 1193 armatis,
869 1115 982 1200 partim
1008 1137 1087 1198 quos
1113 1137 1154 1179 ex

132 1209 259 1275 familiis
291 1210 473 1275 societatum
504 1210 675 1295 delegerat,
710 1210 823 1295 partim
856 1232 876 1274 a
908 1207 1153 1294 negotiatoribus

131 1309 291 1390 coegerat,
318 1325 459 1387 quosque
478 1327 517 1368 ex
539 1305 605 1369 suis
626 1304 758 1388 quisque
780 1304 820 1369 ad
838 1303 919 1367 hanc
935 1325 1000 1367 rem
1023 1302 1153 1367 idoneos

130 1398 343 1474 existimabat,
371 1397 533 1462 Pelusium
554 1398 704 1483 pervenit.
748 1396 792 1462 ibi
813 1419 890 1462 casu
910 1418 965 1460 rex
987 1405 1053 1460 erat
1077 1394 1154 1459 Pto-

127 1491 285 1568 lemaeus,
312 1513 390 1577 puer
415 1501 529 1568 aetate,
556 1491 678 1576 magnis
705 1491 802 1575 copiis
829 1513 901 1555 eum
929 1511 1033 1554 sorore
1060 1487 1154 1554 Cleo-

127 1598 222 1670 patra
247 1584 363 1649 bellum
388 1606 514 1670 gerens,
546 1607 640 1668 quam
666 1584 774 1669 paucis
805 1595 877 1649 ante
907 1582 1067 1648 mensibus
1097 1604 1153 1667 per
1265 1632 1267 1638 ,

128 1701 207 1743 suos
234 1678 424 1763 propinquos
451 1689 543 1762 atque
570 1679 688 1743 amicos
713 1700 810 1763 regno
836 1676 1011 1762 expulerat3
1037 1685 1153 1741 castra-

127 1794 193 1856 que
216 1770 402 1856 Cleopatrae
427 1794 491 1836 non
516 1771 610 1858 longo
637 1771 739 1857 spatio
764 1771 805 1836 ab
832 1771 898 1836 eius
921 1770 1031 1836 castris
1057 1769 1153 1835 dista·

127 1865 217 1930 hant.
262 1865 303 1929 ad
329 1887 400 1930 eum
425 1865 596 1950 Pompeius
623 1866 720 1941 misit,
752 1874 787 1929 ut
811 1887 869 1950 pro
896 1864 1030 1949 hospitio
1060 1873 1153 1946 atquo

127 1959 268 2024 amicitia
284 1959 380 2043 patris
397 1957 592 2024 Alexandria
611 1959 799 2044 reciperetur
821 1969 913 2042 atque
935 1958 1018 2023 illius
1041 1956 1152 2043 opibus

126 2054 163 2117 in
181 2052 356 2118 calamitate
374 2063 538 2140 tegeretur.
584 2054 640 2118 sed
658 2055 710 2137 qui
728 2053 769 2119 ab
787 2076 824 2118 eo
841 2053 930 2117 missi
952 2062 1053 2129 erant,
1079 2073 1153 2116 con-

126 2147 213 2211 fecto
236 2146 399 2233 legationis
426 2148 530 2213 officio
555 2148 684 2213 liberius
710 2171 782 2212 cum
809 2147 957 2213 militibus
979 2147 1063 2235 regis
1090 2147 1153 2212 ool-

126 2240 217 2324 loqui
234 2253 401 2327 coeperunt
427 2264 543 2326 cosque
565 2242 695 2320 hortari,
722 2254 757 2307 ut
779 2265 872 2307 suum
898 2242 1036 2307 officium
1057 2240 1154 2306 Pom-

127 2335 202 2420 peio
219 2346 411 2420 praestarent
433 2360 511 2401 neve
529 2337 596 2402 cius
619 2337 775 2402 fortunam
797 2337 1000 2422 despicerent.
1045 2337 1076 2400 in
1093 2335 1153 2400 hoc

126 2438 219 2493 erant
244 2451 374 2494 numero
400 2431 575 2516 complures
601 2429 734 2515 Pompei
760 2431 886 2506 milites,
914 2452 993 2514 quos
1020 2452 1060 2495 ex
1086 2430 1153 2495 eius

126 2523 269 2589 exercitu
299 2535 442 2610 acceptos
473 2527 505 2590 in
533 2524 626 2610 Syria
653 2524 807 2591 Gabinius
837 2524 1062 2589 Alexandriam
1093 2534 1154 2588 tra·

125 2618 263 2682 duxerat
297 2618 441 2703 belloque
478 2620 620 2684 confecto
655 2621 739 2705 apud
767 2617 997 2692 Ptolemaeum,
1032 2629 1153 2704 patrem

123 2713 233 2796 pueri,
264 2712 438 2796 reliquerat.
481 2714 531 2779 his
558 2726 631 2778 tuuc
658 2714 790 2800 cognitis
816 2713 910 2777 rebus
942 2712 1033 2776 amici
1058 2712 1152 2796 regie,
1174 2731 1220 2778 101

125 2805 184 2888 qui
205 2817 333 2891 propter
358 2818 490 2882 aetatem
518 2809 584 2873 eius
611 2809 644 2873 in
670 2809 827 2872 curatione
850 2821 937 2871 erant
958 2805 1060 2891 regni,
1088 2805 1154 2868 sive

127 2899 243 2963 timore
264 2900 404 2978 adducti,
432 2913 466 2965 ut
488 2913 597 2987 postca
618 2900 852 2986 praedicabant,
880 2899 1044 2964 sollicitato
1066 2905 1154 2963 cier-

125 2993 195 3056 citu
219 2994 308 3079 regio
332 3018 372 3059 nc
394 2995 564 3081 Pompeius
587 2996 812 3061 Alexandriam
834 2993 1080 3080 Aegyptumque
1102 3015 1154 3057 oe-

125 3097 273 3171 cuparet,
310 3088 376 3154 sive
407 3090 554 3175 despecta
584 3092 651 3155 eius
677 3090 816 3167 fortuna,
852 3100 888 3153 ut
913 3089 1095 3174 plerumque
1121 3088 1154 3151 in

124 3179 307 3245 calamitate
324 3203 364 3247 ex
382 3184 489 3249 amicis
507 3185 623 3247 inimici
646 3186 815 3261 exsistunt,
841 3183 905 3260 bis,
932 3182 986 3266 qui
1009 3191 1097 3246 erant
1113 3180 1153 3245 ab

124 3295 168 3339 co
184 3275 284 3352 missi,
303 3276 407 3362 palam
424 3278 591 3343 liberaliter
603 3279 830 3363 responderunt
843 3299 976 3360 eumque
990 3275 1031 3340 ad
1047 3298 1154 3362 regem

126 3366 236 3433 venire
254 3368 424 3448 iusserunt3
451 3372 512 3456 ipsi
530 3372 609 3436 clam
628 3372 757 3436 consilio
776 3372 852 3435 inito
870 3369 1043 3447 Achillam,
1066 3392 1155 3455 prac-

127 3460 249 3526 fectum
266 3464 402 3548 regium,
429 3465 579 3551 singulari
596 3466 754 3530 hominem
772 3466 915 3542 audacia,
943 3475 973 3528 et
990 3464 1031 3527 L.
1052 3462 1155 3548 Septi·

127 3555 243 3633 mium,
271 3556 428 3623 tribunum
454 3560 601 3636 militum,
630 3560 670 3624 ad
696 3559 942 3624 interficiendum
967 3557 1154 3643 Pompeium

128 3649 291 3714 miserunt
335 3651 376 3717 ab
401 3653 449 3717 his
476 3654 643 3719 liberaliter
669 3654 737 3739 ipse
763 3654 936 3738 appellatus
963 3662 994 3717 ct
1019 3653 1154 3736 quadam

129 3742 240 3809 notitia
262 3742 395 3830 Septimi
422 3748 604 3832 productus,
631 3748 716 3830 quod
743 3747 824 3812 bello
850 3747 1043 3832 praedonum
1070 3745 1154 3830 apud

133 3858 203 3907 eum
228 3839 370 3905 ordinem
395 3842 540 3919 duxerat,
576 3841 752 3906 naviculam
778 3841 940 3927 parvulam
971 3839 1155 3904 conscendit

134 3950 204 3995 cum
224 3933 335 4016 paucis
358 3935 438 4000 suist
465 3935 509 4000 ibi
531 3935 570 4000 ab
588 3935 716 4000 Achilla
737 3946 769 3999 et
786 3934 940 4020 Septimio
962 3933 1152 3998 interficitur.

135 4021 205 4089 item
221 4025 265 4090 L.
283 4027 439 4094 Lentulus
462 4030 732 4114 comprehenditur
755 4028 794 4094 ab
816 4052 891 4114 rege
915 4038 946 4093 et
963 4028 995 4091 in
1012 4027 1156 4093 custodia

136 4127 268 4185 necatur.

195 4211 328 4292 Caesar,
356 4239 428 4281 eum
450 4219 482 4283 iu
503 4217 615 4283 Asiam
642 4218 791 4294 venisset,
818 4215 991 4301 reperiebat
1013 4215 1052 4280 T.
1075 4214 1155 4280 Am-
1175 4238 1222 4285 ros

134 4304 217 4390 pium
252 4319 400 4375 conatum
434 4334 504 4378 esse
534 4313 682 4397 pecunias
713 4311 819 4376 tollere
849 4309 979 4396 Epheso
1009 4333 1049 4374 cx
1080 4310 1154 4375 sano

134 4396 254 4467 Dionae
281 4404 411 4490 eiusque
436 4407 482 4471 rei
505 4429 600 4470 causa
622 4417 779 4470 senatores
802 4427 911 4469 omnes
933 4427 973 4468 cx
994 4405 1154 4490 provincia

134 4516 293 4576 evocasse,
330 4510 365 4564 ut
391 4501 440 4565 his
466 4501 597 4567 testibus
625 4502 656 4565 in
683 4524 806 4565 summa
830 4500 980 4585 pecuniae
1006 4509 1152 4575 uteretur,
