2692 5206
458 777 462 785 '
478 777 606 835 CAPUT
625 777 742 832 19-93.
1049 766 1112 830 299

54 920 226 966 suorum
240 902 388 980 riderent,
401 924 547 987 magnam
562 901 624 963 rim
638 900 765 964 telorum
780 900 902 965 adversi
916 902 1111 978 sustinerent,

59 994 201 1072 veriti,
229 1018 268 1060 nc
290 995 330 1059 ah
353 1007 441 1081 tergo
462 994 757 1058 circumvenirentur
777 1006 808 1057 et
824 995 965 1059 discessu
987 997 1112 1060 navium

65 1088 224 1155 omnino
241 1089 341 1154 reditu
363 1089 652 1165 intereluderentur,
679 1087 880 1152 munitionem
901 1089 934 1152 in
955 1100 1050 1174 ponte
1067 1091 1113 1154 in-

70 1176 238 1247 stitutam
255 1182 444 1266 reliquerunt
461 1192 492 1247 et
508 1204 623 1268 magno
641 1204 734 1245 cursu
750 1181 866 1246 incitati
880 1183 920 1247 ad
932 1206 1028 1248 naves
1042 1206 1115 1248 eon-

73 1274 271 1341 tenderunt.
298 1300 429 1360 quorum
447 1299 519 1362 pars
537 1277 694 1361 proximas
707 1286 798 1340 nacta
809 1299 905 1341 nares
919 1278 1113 1342 multitudine

75 1364 258 1435 hominum
276 1381 368 1454 atque
391 1393 483 1435 onere
505 1371 654 1454 depressa
671 1380 732 1445 est,
756 1391 825 1453 pars
842 1371 990 1435 resistens
1009 1384 1040 1434 et
1056 1371 1114 1434 du-

79 1456 211 1542 bitans,
229 1465 305 1549 quid
322 1476 406 1529 esset
423 1465 607 1549 capiendum
626 1463 754 1539 consilii,
773 1463 812 1527 ab
829 1464 1050 1529 Alexandrinis
1067 1466 1114 1527 in-

79 1551 227 1623 terfecta
244 1569 305 1635 est3
323 1558 463 1623 nonnulli
480 1557 616 1621 feliciore
634 1557 719 1621 exitu
737 1559 894 1642 expeditas
912 1559 952 1623 ad
970 1581 1114 1624 ancoram

79 1664 191 1714 naves
220 1652 379 1717 consecuti
404 1650 574 1715 incolumes
601 1651 822 1727 discesserunt,
852 1653 944 1737 pauci
973 1653 1114 1717 allevatis

80 1741 192 1806 scutis
213 1760 245 1809 et
262 1746 365 1809 animo
383 1745 424 1809 ad
441 1745 615 1809 conandum
633 1745 692 1808 nisi
710 1744 750 1807 ad
767 1744 905 1828 proxima
922 1746 1048 1832 navigia
1061 1746 1115 1810 ad-

81 1840 252 1902 natarunt„
277 1838 404 1913 Caesar,
418 1838 521 1920 quoad
535 1838 635 1922 potuit
648 1837 835 1901 cohortando
848 1862 921 1904 suos
935 1838 976 1903 ad
987 1850 1115 1925 pontem
1134 1856 1164 1902 ‘21

82 1940 119 1981 20
140 1932 340 1996 munitiones
359 1932 528 2005 continere,
552 1931 662 1995 codem
683 1931 715 1994 in
732 1931 869 2015 periculo
893 1942 1035 1997 versatus
1053 1945 1114 2006 est3

82 2030 265 2117 PPStquam
287 2025 449 2089 universos
471 2024 580 2088 cedere
602 2024 830 2100 animadvertit,
858 2025 889 2088 in
911 2049 1003 2090 suum
1027 2027 1112 2090 navi-

84 2124 184 2208 gtusn
209 2141 243 2183 se
265 2119 391 2203 recepit.
435 2140 497 2201 quo
518 2117 683 2180 multitudo
706 2117 864 2181 hominum
886 2118 1027 2184 insecuta
1044 2142 1115 2184 cum

83 2218 296 2295 lmlmpereh
319 2233 420 2294 neque
438 2210 671 2274 administrandi
692 2232 793 2293 neque
810 2212 978 2296 repellendi
999 2236 1019 2277 a
1036 2224 1117 2277 terra

83 2285 232 2392 facultas
250 2304 384 2381 daretur,
403 2304 479 2381 fore,
498 2304 582 2386 quod
596 2304 717 2381 accidit,
736 2305 909 2388 suspicatus
923 2329 993 2373 sese
1010 2329 1050 2371 ex
1061 2331 1117 2371 na-

84 2387 182 2467 agro
201 2397 292 2461 eiecit
310 2409 402 2481 atque
420 2397 460 2461 ad
478 2419 541 2471 eas,
559 2418 639 2480 quac
656 2398 779 2483 longius
794 2400 1001 2477 constiterant,
1019 2424 1116 2465 naves

83 2472 268 2555 adnatant.
295 2491 367 2555 hinc
385 2492 450 2555 suis
467 2490 678 2555 laborantibus
693 2491 832 2555 subsidio
846 2493 977 2577 scaphas
990 2494 1117 2558 mittens

83 2583 265 2647 nonnullos
283 2585 486 2649 conservarit.
518 2584 677 2668 navigium
695 2585 820 2667 quidem
838 2585 904 2649 eius
921 2586 1117 2650 multitudine

82 2655 283 2747 depressum
297 2678 429 2741 militum
438 2699 580 2741 unacum
593 2677 770 2741 hominihus
784 2677 906 2741 interiit.
929 2678 988 2743 hoe
1000 2681 1117 2764 proelio

81 2747 267 2835 desiderati
286 2783 359 2834 sunt
380 2793 418 2834 ex
440 2792 568 2835 numero
590 2770 828 2855 legionariorum
844 2770 976 2834 militum
998 2772 1118 2836 circiter

82 2838 221 2928 CCCC
240 2873 272 2927 et
287 2864 381 2948 paulo
399 2864 478 2927 ultra
496 2886 566 2927 eum
584 2886 745 2926 numerum
760 2863 907 2928 classiarii
926 2877 956 2927 et
972 2866 1116 2949 remiges.

79 2932 306 3039 blerraudrini
324 2980 362 3021 eo
383 2955 451 3020 loco
473 2957 633 3020 castellum
651 2957 772 3041 magnis
794 2957 1016 3023 munitionibus
1038 2959 1118 3021 mul-

77 3038 202 3132 anue
219 3049 381 3114 tormentis
399 3049 617 3113 confirmarunt
639 3064 731 3133 atque
753 3051 868 3135 egestis
891 3074 930 3114 ex
948 3052 1025 3115 mari
1040 3051 1119 3137 lapi-

75 3117 190 3202 d¹bus
210 3142 306 3207 lihere
324 3153 396 3206 sunt
415 3143 463 3205 usi
480 3154 590 3226 postea
607 3144 648 3206 ad
665 3144 814 3208 mittenda
830 3144 964 3230 navigia.

156 3224 238 3300 Hoc
255 3235 438 3299 detrimento
456 3235 568 3300 milites
585 3237 683 3300 nostri
700 3249 819 3301 tantum
837 3239 981 3303 afuerunt
998 3249 1032 3303 ut
1049 3262 1119 3324 per·
1137 3260 1168 3306 22

74 3313 310 3405 turbarentur,
337 3339 372 3392 ut
388 3329 507 3392 incensi
524 3342 616 3412 atque
633 3330 750 3394 incitati
772 3355 901 3417 magnas
924 3331 1118 3397 accessiones

73 3397 230 3505 sffcerint
247 3424 280 3487 in
297 3422 442 3509 operibus
460 3423 594 3487 hostium
613 3426 829 3510 expugnandis
847 3427 879 3489 in
900 3425 1026 3510 procliis
1044 3427 1120 3490 coti·

168 3511 216 3595 's,
243 3518 502 3601 quandocumque
528 3519 593 3581 fors
620 3518 785 3596 obtulerat,
811 3519 1064 3603 procurrentibus
1089 3534 1120 3583 et

77 3606 334 3695 erumpentibus
365 3610 584 3676 Alexandrinis
621 3636 746 3676 manum
778 3661 786 3675 .
809 3660 816 3675 .
836 3660 871 3676 ..
899 3613 1119 3697 comprehendi

80 3690 233 3786 mtultum
251 3704 397 3789 operibus
416 3752 424 3768 .
444 3752 451 3767 .
474 3753 482 3768 .
503 3753 510 3768 .
529 3718 559 3769 et
577 3706 756 3770 ardentibus
774 3706 885 3769 studiis
902 3706 1044 3781 militum,
1062 3728 1120 3769 nec

84 3772 263 3883 &Vulgata
276 3798 422 3864 Caesaris
439 3799 570 3863 hortatio
584 3800 732 3882 subsequi
746 3800 902 3884 legionum
916 3810 969 3863 aut
982 3799 1119 3863 lahorem

89 3886 150 3939 Μ
167 3892 333 3977 pugnandi
351 3903 470 3976 poterat
487 3894 699 3977 cupiditatem,
723 3906 756 3956 ut
774 3894 874 3978 magis
898 3893 1071 3957 deterrendi
1089 3903 1120 3955 et

95 3978 279 4079 Qfinendi
300 4009 321 4050 a
341 3985 611 4069 periculosissimis
634 4002 738 4051 essent
760 3986 1009 4051 dimicationibus
1025 4008 1120 4069 quarn

99 4076 250 4143 mutandi
266 4079 307 4143 ad
324 4080 535 4165 pugnandum.
572 4080 793 4157 Alexandrini,
817 4102 888 4144 cum
906 4079 1066 4145 Romanos
1089 4092 1120 4143 et
1138 4102 1169 4148 as

108 4170 247 4237 ⁸‘ietlsrdis
264 4172 359 4237 rebus
377 4174 552 4238 confirmari
570 4185 601 4238 et
619 4175 758 4239 adversis
777 4174 896 4237 incitari
911 4174 1049 4238 riderent
1066 4197 1121 4237 ne-

113 4264 169 4327 que
185 4264 279 4330 ullum
297 4265 370 4331 belli
387 4268 511 4331 tertium
528 4290 636 4332 casum
653 4280 795 4343 nossent,
821 4287 883 4350 quo
905 4278 1034 4352 possent
1050 4290 1120 4332 esse

120 4336 268 4437 firtttiores,
291 4373 326 4424 ut
342 4360 518 4425 coniectura
535 4363 684 4445 consequi
701 4384 882 4446 possumus,
901 4373 955 4425 aut
971 4361 1119 4426 admoniti

124 4451 222 4549 asegis
238 4454 362 4530 amieis,
389 4454 491 4539 quiin
511 4454 656 4521 Caesaris
678 4465 764 4519 erant
786 4456 963 4539 praesidiis,
991 4469 1044 4520 aut
1062 4479 1120 4519 suo

127 4552 206 4618 [thore
226 4548 355 4612 consilio
376 4571 432 4633 per
453 4549 590 4613 occultes
613 4550 737 4614 nuntios
759 4549 825 4635 regi
847 4549 976 4634 probato
997 4550 1118 4636 legatos
