2692 5206
425 769 543 827 COMM.
560 772 583 826 1.
601 771 719 828 74-78.
1013 760 1077 826 209

56 895 269 981 intermmpit‚
291 902 413 960 nostros
431 894 552 979 repellit
568 918 588 959 a
605 895 729 972 castris,
751 916 830 979 quos
852 895 1014 983 deprendit
1030 899 1077 962 in-

55 989 180 1055 terficit
224 986 336 1071 reliqui
353 992 467 1052 coelunt
488 988 567 1052 inter
584 1010 618 1053 se
636 998 667 1053 et
688 990 848 1074 repentino
869 990 1006 1074 periculo
1023 1012 1078 1055 ex-

55 1082 157 1148 territi
188 1081 329 1146 sinistras
361 1081 446 1166 sagis
476 1080 637 1146 involvunt
667 1082 850 1167 gladiosque
883 1083 1078 1170 destringunt

56 1186 154 1260 atque
175 1176 221 1238 ita
242 1196 276 1239 se
298 1197 318 1238 a
339 1174 463 1238 cetratis
485 1174 703 1258 equitibusque
720 1175 891 1240 defendunt
908 1186 1078 1242 castrorum

55 1268 290 1356 propinquitate
316 1266 426 1332 confisi
452 1289 547 1351 seque
568 1269 601 1332 in
623 1279 724 1333 eastra
744 1269 896 1354 recipiunt
922 1278 953 1334 et
978 1269 1018 1335 ab
1039 1271 1078 1335 iis

57 1361 251 1437 cohortibus,
268 1382 349 1444 quae
367 1369 455 1424 erant
471 1361 504 1424 in
522 1362 653 1426 statione
671 1362 842 1446 adportas,
861 1360 1077 1428 defenduntur.

56 1454 173 1540 quibus
192 1454 286 1519 rebus
309 1454 458 1518 confectis
480 1454 558 1519 flens
575 1454 718 1519 Petreius
740 1454 915 1539 manipulos
938 1455 1078 1521 circumit
1096 1478 1127 1524 ts

57 1548 237 1631 militesque
255 1546 390 1631 appellat
406 1569 468 1611 neu
491 1569 525 1611 se
546 1570 608 1612 neu
627 1546 840 1633 [Pompeium]
862 1549 1079 1634 imperatorem

57 1664 153 1707 suum
170 1640 356 1705 adversariis
374 1639 414 1705 ad
433 1640 619 1725 supplicium
637 1641 768 1719 tradant,
787 1639 938 1706 obsecrat.
978 1642 1013 1706 fit
1029 1663 1079 1707 cc·

56 1735 164 1800 leniter
181 1754 352 1798 concursus
369 1733 402 1796 in
419 1734 615 1818 praetorium.
641 1733 788 1820 postulat,
806 1744 840 1799 ut
856 1735 958 1800 iurent
970 1757 1078 1800 omnes

57 1850 95 1894 se
116 1827 288 1892 exereitum
310 1826 468 1910 ducesque
490 1850 553 1890 non
578 1828 754 1893 deserturos
779 1849 879 1912 neque
904 1828 1079 1913 prodituros

58 1944 163 2007 neque
180 1921 242 1987 sibi
260 1922 425 2006 separatim
444 1945 463 1985 a
479 1922 606 2005 reliquis
624 1922 788 1987 eonsilium
805 1933 961 2007 capturos.
995 1922 1080 2007 prin-

57 2038 136 2102 ceps
157 2015 192 2079 in
211 2013 291 2080 haee
312 2014 409 2079 verba
430 2015 510 2079 iurat
531 2015 613 2100 ipse;
639 2016 721 2080 idem
743 2016 957 2080 iusiurandum
982 2016 1079 2102 adigit

56 2109 248 2176 Afranium:
275 2106 508 2191 subsequuntur
524 2108 638 2173 tribuni
655 2109 787 2174 militum
809 2110 1078 2192 centurionesque3

58 2202 256 2270 centuriatim
273 2201 415 2286 producti
433 2201 545 2266 milites
563 2202 645 2266 idem
667 2203 778 2268 iurant.
821 2204 959 2280 edicunt,
982 2224 1078 2289 penes

58 2319 154 2382 quem
167 2295 301 2380 quisque
314 2295 355 2359 sit
370 2293 515 2360 Caesaris
528 2295 627 2374 miles,
645 2305 680 2360 ut
692 2296 893 2381 producatur:
910 2296 1078 2383 productos

57 2391 165 2478 palam
182 2390 216 2453 in
232 2390 386 2474 praetorio
403 2389 598 2454 interficiunt.
643 2390 699 2455 sed
715 2383 880 2476 plerosque
896 2392 933 2468 ii,
954 2391 1009 2475 qui
1031 2412 1080 2455 re·

59 2492 218 2571 ceperant,
235 2482 337 2547 celant
353 2493 508 2566 noctuque
525 2506 582 2568 per
598 2483 714 2549 vallum
729 2485 879 2549 emittunt
906 2485 952 2549 sio
965 2494 1080 2549 terrore

60 2579 166 2645 oblato
182 2601 204 2643 a
219 2576 353 2642 ducibus
371 2578 535 2643 crudelitas
549 2579 582 2642 in
595 2578 757 2663 supplicio,
775 2601 857 2643 nova
867 2577 976 2664 religio
990 2578 1080 2642 iuris-

61 2671 182 2737 imnndi
201 2692 290 2756 spem
307 2671 478 2755 praesentis
491 2671 656 2736 deditionis
672 2671 795 2735 sustulit
807 2679 988 2754 mentesque
1000 2670 1080 2733 mili-

62 2775 130 2829 tum
147 2764 300 2830 convertit
317 2774 347 2827 et
364 2787 430 2829 rem
448 2765 489 2828 ad
505 2764 667 2849 pristinam
685 2763 759 2829 belli
779 2764 929 2828 rationem
950 2762 1079 2848 redegit.
1140 2816 1146 2825 .

66 2858 183 2926 Caesar
207 2860 262 2944 qui
284 2859 396 2924 milites
423 2859 670 2924 adversariorum
695 2859 728 2922 in
750 2867 852 2922 eastra
875 2879 932 2942 per
957 2865 1079 2940 tempus
1098 2874 1129 2920 77

68 2952 209 3038 colloquii
232 2962 382 3018 venerant
407 2976 530 3018 summa
555 2953 716 3039 diligentia
741 2951 882 3035 conquiri
911 2960 942 3015 et
965 2949 1080 3014 remitti

70 3045 159 3112 iubet
185 3047 242 3112 sed
260 3069 299 3112 cx
316 3069 444 3111 numero
457 3047 649 3112 tribunorum
661 3046 793 3110 militum
806 3045 1080 3125 centurionumque

73 3140 203 3205 nonnulli
221 3162 279 3205 sua
295 3139 453 3204 voluntate
471 3141 555 3224 apud
573 3162 645 3204 eum
665 3146 888 3204 remanserunt.
931 3158 1010 3220 quos
1028 3135 1080 3199 ille

78 3244 175 3315 postea
198 3232 367 3319 magnoin
392 3233 508 3298 honore
534 3233 657 3311 habuit;
684 3232 878 3297 centuriones
904 3231 936 3294 in
962 3230 1079 3314 priores

83 3326 198 3404 ordines,
216 3327 336 3412 equites
345 3327 504 3393 Romanos
518 3329 550 3391 in
564 3328 760 3393 tribunicium
774 3326 908 3392 restituit
920 3326 1079 3390 honorem.

85 3419 283 3499 premebantur
291 3419 455 3485 Afraniani
465 3421 672 3505 pabulatione,
688 3420 882 3504 aquabantur
890 3440 992 3504 aegre.
1014 3417 1080 3481 fru-
1098 3434 1129 3481 78

89 3513 165 3577 menti
180 3514 299 3600 copiam
317 3513 478 3600 legionarii
490 3515 669 3579 nonnullam
682 3514 846 3590 habebant,
864 3513 948 3597 qued
961 3512 1081 3576 dierum

92 3599 177 3670 XXII
187 3608 225 3673 ab
234 3607 338 3672 Ilerda
350 3607 539 3672 frumentum
552 3608 630 3672 iussi
643 3619 729 3672 erant
742 3607 861 3684 efferre,
875 3606 981 3670 cetrati
993 3603 1081 3668 auxi-

95 3690 218 3784 liaresque
235 3701 361 3779 nullam,
380 3724 512 3786 quorum
529 3712 616 3766 erant
633 3711 664 3765 et
680 3700 843 3765 facultates
858 3698 897 3763 ad
910 3696 1081 3784 parandum

97 3789 198 3876 exiguae
224 3804 254 3860 et
280 3817 410 3881 corpora
435 3796 558 3862 insueta
584 3796 624 3860 ad
650 3817 744 3860 onera
769 3793 929 3879 portanda.
976 3790 1080 3873 itaquo

98 3899 200 3969 ‘mgnus
217 3911 324 3954 eorum
342 3890 453 3954 cotidie
470 3912 617 3954 numerus
635 3889 675 3953 ad
690 3887 858 3954 Caesarem
876 3881 1080 3971 perlugiebat.

98 3969 171 4045 ints„
186 3992 249 4048 erat
265 3982 418 4070 angustiis
436 4005 495 4047 res.
537 3982 592 4047 sed
609 4005 649 4047 ex
665 3982 832 4067 propositis
850 3977 986 4044 consiliis
1003 3976 1081 4040 duo-

10 4086 12 4099 '
99 4058 141 4132 bur
153 4076 318 4161 explicitius
335 4074 499 4141 videbatur
510 4076 644 4141 Ilerdam
661 4075 783 4152 reverti,
802 4073 887 4158 quod
899 4071 944 4136 ibi
955 4069 1082 4156 paulum

99 4152 215 4233 funesti
235 4169 431 4253 reliquerant.
471 4169 514 4234 ibi
537 4192 571 4234 se
592 4168 744 4253 reliquum
762 4167 925 4232 consilium
947 4163 1082 4250 explica·

99 4256 161 4322 lmus
179 4261 381 4328 confidebant.
425 4263 561 4328 Tarraco
591 4263 697 4328 aberat
723 4260 861 4346 longius3
891 4281 954 4343 quo
980 4258 1080 4345 spatio

10 4398 12 4413 ι
98 4339 175 4423 Plures
190 4378 253 4420 rem
271 4378 367 4442 posse
387 4379 479 4422 casus
502 4357 639 4442 recipere
661 4353 891 4441 intellegebant.
933 4353 993 4418 hoc
1009 4374 1081 4437 pro-

10 4456 12 4485 '
97 4432 151 4506 bato
168 4449 292 4515 consilio
314 4474 354 4515 ex
375 4451 483 4515 castris
508 4450 755 4535 proficiscuntur.
800 4447 918 4514 Caesar
945 4447 1082 4530 equitatu

97 4541 252 4620 emmam,
279 4545 332 4628 qui
353 4543 557 4610 novissimum
578 4565 690 4630 agmen
713 4553 851 4629 carperet
872 4552 964 4626 atque
984 4539 1082 4624 impe-

134 4633 188 4685 lstist
197 4643 285 4688 caesor.
881 4640 915 4694 14
