2692 5206
412 788 529 845 COMM.
549 791 584 844 11.
604 791 721 844 19-23.
1035 778 1076 843 37

10 742 16 793 l

10 814 124 1003 ib
90 910 109 973 ri
110 910 151 975 bus
171 912 291 997 proeliis
319 914 478 977 exercitati
505 914 580 996 quid
607 914 674 978 fieri
695 937 772 998 opor
773 924 863 991 eret
890 938 952 978 non
975 915 1077 981 minus

10 1010 17 1105 J
91 1007 241 1071 commode
233 1030 294 1092 rpst
284 1007 373 1072 sibi
390 1008 615 1093 praescribere,
639 1031 733 1091 quam
752 1008 791 1072 ab
814 1009 883 1072 aliis
901 1010 1006 1073 doceri
1023 1032 1077 1094 po-

91 1106 172 1177 terant,
196 1112 225 1165 et
243 1101 328 1183 quod
346 1101 386 1166 ab
410 1124 503 1186 opere
522 1103 716 1188 singulisque
738 1102 914 1188 legionibus
938 1105 1078 1188 singulos

10 1192 15 1281 i
90 1149 176 1277 legatoi
202 1195 320 1262 Cacsar
350 1198 510 1261 discedere
542 1199 601 1262 uisi
629 1199 755 1262 munitis
788 1199 897 1261 castris
929 1209 1077 1263 ιοιιιθιιιι.

10 1308 14 1361 ,ι
90 1246 125 1346 Ῑιῠ
123 1301 229 1375 propter
244 1293 411 1376 propinqui
413 1301 557 1355 ttatem
527 1303 557 1355 et
575 1293 762 1356 celeritatem
776 1292 914 1356 hostium
927 1293 1024 1356 nilril'
1017 1317 1077 1357 tarn

10 1374 13 1393 ¹
91 1375 223 1448 Caesaris
213 1387 379 1470 imperium
393 1385 625 1470 exspectabant,
646 1386 701 1451 scd
714 1408 822 1471 perse,
842 1409 922 1470 quac
932 1387 1079 1451 videban-

89 1488 131 1551 ιιι,
148 1479 408 1544 administrabant.
455 1479 574 1545 Caesar
591 1482 776 1544 necessariis
794 1480 888 1545 rebus
910 1481 1077 1565 imperatis,
1097 1501 1127 1548 ar

87 1566 313 1638 adcohortandos
327 1575 451 1651 milites,
469 1597 564 1658 quam
580 1573 642 1661 [in]
663 1585 782 1660 partem
801 1575 866 1639 fors
885 1574 1007 1651 obtulit,
1026 1577 1080 1638 de-
1116 1643 1119 1648 ⁴

86 1672 190 1734 cucurrit
215 1682 247 1735 et
273 1672 313 1734 ad
340 1671 495 1756 legionem
518 1671 671 1736 decimam
694 1672 827 1735 devenit.
882 1670 995 1734 milites
1018 1694 1080 1733 nou

83 1756 193 1849 longiore
212 1766 351 1829 oratione
370 1767 564 1842 cohortatus,
584 1788 677 1849 quam
696 1767 741 1829 uti
760 1788 836 1829 suae
853 1765 1002 1849 pristinae
1020 1765 1081 1826 vir-

81 1858 135 1922 tutis
151 1860 331 1923 memoriam
353 1861 521 1924 retinerent
542 1884 603 1924 neu
626 1859 878 1945 perturbarentur
900 1860 1004 1924 animo
1026 1859 1081 1923 bo-

77 1951 211 2036 ttiumquc
228 1954 380 2038 impeturn
398 1954 519 2019 fortiter
538 1956 740 2031 sustinerent,
767 1954 852 2037 quod
873 1978 937 2018 non
955 1955 1080 2039 longius

71 2044 161 2113 hostes
177 2049 316 2127 aberant,
335 2072 430 2133 quam
448 2073 511 2134 quo
529 2050 626 2114 telum
644 2051 724 2114 adici
738 2062 854 2134 posset,
874 2051 983 2135 proelii
997 2074 1081 2115 com-

68 2142 196 2206 mittendi
223 2143 349 2229 signum
381 2145 475 2207 dedit.
525 2155 618 2227 atque
645 2145 679 2207 iu
705 2145 832 2209 alteram
858 2157 979 2229 partem
1005 2145 1079 2208 item

64 2236 236 2300 cohortandi
264 2259 360 2302 causa
385 2238 545 2322 profectus
572 2238 785 2323 pugnantibus
812 2239 953 2303 occurrit.
1003 2249 1080 2302 tem-

61 2332 136 2414 poris
155 2340 244 2395 tanta
265 2331 325 2395 fuit
347 2333 502 2418 exiguitas
525 2332 725 2415 hostiumque
747 2343 812 2396 tam
830 2343 957 2417 paratus
976 2332 1016 2396 ad
1034 2332 1081 2395 di-

58 2424 234 2488 micandum
257 2426 395 2503 animus,
423 2437 542 2490 utnon
565 2428 658 2491 modo
686 2427 726 2491 ad
747 2428 884 2511 insignia
906 2449 1081 2491 accommo-

56 2518 166 2593 danda,
186 2518 243 2582 sed
261 2519 355 2583 etiam
369 2520 409 2583 ad
423 2520 529 2605 galeas
546 2521 719 2584 induendas
734 2521 894 2602 scutisque
913 2521 1081 2606 tegimenta

55 2612 249 2676 detrudenda
267 2624 392 2698 tempus
417 2614 561 2679 defuerit.
606 2638 701 2697 quam
722 2615 855 2697 quisquc
874 2613 913 2677 ab
937 2637 1030 2698 opcrc
1047 2614 1080 2676 in

53 2724 174 2791 partem
192 2727 270 2769 casu
288 2707 427 2784 devenit,
450 2731 593 2791 quaeque
611 2709 712 2793 primu
730 2709 820 2792 signa
838 2707 1014 2791 conspexit,
1041 2707 1081 2768 ad

53 2801 130 2864 hacc
148 2800 301 2875 constitit,
320 2824 360 2864 nc
378 2802 409 2864 in
427 2803 613 2885 quaerendis
633 2802 697 2865 suis
715 2801 877 2886 pugnandi
896 2808 1017 2882 tempus
1035 2798 1083 2861 di-

53 2894 198 2957 mitteret.
225 2894 376 2960 instructo
394 2896 541 2973 exercitu,
560 2896 661 2980 magis
680 2905 713 2958 ut
731 2895 792 2958 loci
805 2905 916 2957 natura
928 2894 1082 2957 deiectus·
1100 2913 1131 2958 aa

52 3010 113 3071 que
141 2986 231 3052 collis
260 2998 290 3052 et
316 2991 486 3054 necessitas
510 2991 672 3075 temporis,
700 3012 794 3073 quarn
817 2998 852 3052 ut
873 2989 917 3053 rci
940 2988 1081 3051 militaris

53 3082 132 3146 ratio
150 3091 245 3165 atque
264 3082 340 3146 ordo
357 3083 546 3168 postulabat,
566 3108 637 3147 cum
657 3084 789 3147 diversis
807 3082 984 3167 legionibus
1002 3082 1081 3146 aliae

53 3175 115 3239 alia
130 3177 165 3239 iu
182 3186 272 3261 parte
289 3176 432 3243 hostibus
450 3179 642 3254 resisterent,
668 3177 858 3262 sepibusque
876 3177 1079 3251 densissimis,

54 3282 88 3334 ut
104 3281 179 3333 ante
202 3271 500 3348 demonstravimus,
524 3273 691 3335 interiectis
715 3280 899 3356 prospectus
917 3271 1082 3355 impedire-

54 3376 118 3439 tur,
138 3386 242 3446 nequc
261 3376 345 3429 certa
363 3365 504 3429 subsidia
522 3366 664 3429 collocari
682 3388 796 3448 neque,
816 3366 890 3447 quid
909 3365 940 3427 in
959 3387 1082 3447 quaque

54 3469 143 3542 parte
162 3480 244 3541 opus
264 3470 362 3535 essct,
389 3459 545 3543 provideri
567 3482 668 3542 uequc
686 3459 726 3523 ab
750 3482 812 3523 uno
831 3460 935 3522 omnia
952 3460 1083 3542 imperia

54 3551 267 3615 administrari
289 3563 441 3637 poterant.
491 3555 594 3636 itaque
621 3555 653 3617 in
681 3563 766 3616 tanta
791 3576 894 3617 rerum
922 3554 1082 3634 iniquitate

55 3646 201 3709 fortunae
218 3668 343 3729 quoquc
362 3658 492 3712 eventus
511 3648 588 3711 varii
615 3647 832 3730 sequebantur.
873 3647 1005 3731 legionis
1028 3667 1083 3707 no·
1101 3664 1132 3710 ’.ιι

54 3762 114 3803 nae
128 3749 161 3802 et
173 3739 314 3804 decimae
328 3742 450 3818 milites,
466 3742 544 3805 utin
560 3743 778 3826 sinistrapartc
793 3741 858 3805 acic
873 3740 1081 3813 constiterant,

56 3833 128 3918 pilis
151 3835 277 3898 emissis
300 3858 394 3900 cursu
411 3859 448 3901 ac
470 3836 653 3900 lassitudine
676 3836 868 3899 exanimatos
887 3832 1083 3897 vulneribus-

56 3949 118 4011 que
137 3928 298 3994 confectos
316 3929 484 3995 Atrebates
508 3931 594 4011 (uam
613 3930 662 3993 his
681 3952 718 3993 ea
735 3953 808 4014 pars
830 3928 1011 4008 obvenerat)
1033 3948 1084 3989 cc-

57 4022 162 4087 leriter
179 4046 220 4087 ex
237 4023 307 4090 loco
325 4026 484 4110 superiore
501 4026 534 4088 in
551 4025 668 4089 flumen
681 4025 896 4109 compulerunt
910 4033 940 4086 et
954 4021 1083 4085 transire

57 4128 208 4182 conantes
231 4118 363 4183 insecuti
386 4119 498 4205 gladiis
522 4144 668 4206 magnam
686 4129 806 4204 partem
829 4141 936 4181 corum
953 4117 1083 4201 impedi-

57 4224 124 4275 tam
150 4212 382 4278 interfeccrunt.
435 4215 495 4298 ipsi
526 4215 656 4278 transire
687 4214 802 4277 flumen
829 4236 891 4277 non
922 4211 1084 4277 dubitavc-

57 4318 132 4370 runt
164 4316 197 4371 et
231 4308 265 4371 in
294 4309 398 4373 locum
431 4309 573 4391 iniquum
605 4310 764 4394 progressi
795 4332 902 4372 rursus
938 4308 1085 4372 resisten-

56 4411 107 4463 tes
142 4400 251 4465 hostes
282 4403 491 4489 redintegrato
524 4404 641 4487 proelio
673 4404 705 4466 in
735 4402 845 4487 sugam
876 4402 1082 4466 coniecerunt.

56 4494 134 4559 item
161 4495 224 4560 alia
245 4497 278 4560 in
299 4509 387 4583 parte
409 4498 551 4561 diversae
578 4497 658 4561 duae
681 4497 835 4582 legiones,
863 4496 1028 4560 undecima
1053 4503 1083 4556 et

57 4599 187 4666 octava,
217 4592 389 4679 profligatis
416 4590 653 4668 Viromanduis,
684 4591 870 4674 quibuscum
898 4602 985 4654 crant
1011 4609 1083 4650 cou-
