2692 5206
459 780 577 836 cortu.
594 781 658 837 VII.
676 780 794 836 51-55.
1076 770 1136 835 137

122 905 316 981 munitiones,
334 926 399 968 non
415 903 545 968 altitudo
558 904 681 982 montis,
700 929 763 970 nou
775 928 883 972 murus
897 906 1002 992 oppidi
1016 908 1136 973 tardare

126 1001 280 1086 potuisset,
299 1008 386 1063 tauto
403 1021 495 1084 opere
512 998 668 1064 licentiam
686 1001 955 1085 arrogantiamque
972 1002 1137 1087 reprehen-

130 1094 206 1171 dere,
231 1092 318 1178 quod
334 1093 407 1178 plus
430 1115 464 1157 sc
487 1116 581 1177 quam
598 1094 816 1178 imperatorem
838 1095 878 1158 de
898 1094 1027 1160 victoria
1045 1106 1137 1180 atque

133 1189 205 1253 exitu
224 1210 329 1253 rerum
351 1186 465 1251 sentire
487 1187 712 1265 existimarent3
739 1210 797 1252 nec
813 1189 917 1253 minus
940 1211 974 1254 se
991 1189 1024 1253 in
1040 1191 1138 1255 milite

138 1281 306 1347 modestiam
331 1290 364 1345 et
389 1280 608 1344 continentiam
635 1303 729 1364 quam
756 1281 902 1345 virtutem
928 1292 1022 1366 atque
1043 1284 1138 1348 animi

142 1374 365 1461 magnitudinem
383 1374 568 1440 desiderare.
612 1375 671 1439 hae
688 1373 796 1440 habita
817 1377 960 1441 contione
978 1387 1009 1441 et
1026 1378 1066 1442 ad
1084 1401 1138 1443 ex·
1155 1402 1187 1449 aa

146 1477 250 1534 trenam
267 1469 437 1534 orationem
456 1469 644 1533 confirmatis
662 1469 825 1546 militibus,
848 1493 887 1534 ne
905 1469 945 1535 ob
967 1470 1048 1535 hanc
1065 1493 1138 1536 cau-

150 1564 309 1629 sananimo
330 1574 583 1648 permoverentur
603 1586 678 1640 neu,
706 1564 791 1646 quod
812 1563 957 1648 iniquitas
979 1565 1042 1629 loci
1058 1575 1139 1630 attu-

150 1655 220 1736 lisset,
236 1658 268 1723 id
283 1658 390 1723 virtuti
407 1657 544 1723 hostium
562 1657 744 1734 tribuerent,
764 1658 873 1723 eadem
891 1659 930 1723 de
947 1659 1139 1744 profectione

153 1752 275 1837 epuns,
302 1774 383 1835 quae
401 1762 472 1816 ante
496 1763 648 1829 senserat,
675 1752 815 1837 legiones
839 1776 878 1817 ex
899 1755 1009 1818 castris
1032 1755 1140 1818 eduxit

154 1845 279 1930 memque
296 1846 409 1912 idoneo
425 1847 495 1911 loco
508 1847 675 1911 constituit.
702 1869 774 1911 cum
787 1846 1025 1933 Vercingetorix
1042 1849 1139 1914 nihilo

155 1940 227 2024 urps
245 1940 277 2005 in
299 1961 434 2023 aequum
455 1940 558 2005 locum
577 1941 791 2018 descenderet,
818 1941 880 2005 leri
902 1940 985 2006 facto
1003 1943 1139 2025 equestri

94 2064 96 2069 ·
155 2033 355 2118 praebeatque
381 2056 419 2098 eo
449 2034 586 2098 secundo
616 2034 648 2097 in
679 2044 781 2098 castra
807 2034 976 2099 exercitum
1005 2036 1137 2100 reduxit.

155 2143 202 2191 ctu
211 2126 265 2193 hoc
276 2128 361 2192 idem
373 2137 498 2213 postero
511 2129 561 2192 die
574 2127 709 2205 fecisset,
729 2129 804 2193 satis
818 2128 859 2193 ad
868 2127 1022 2195 Gallicam
1035 2139 1138 2196 osten-

155 2220 268 2287 utonem
284 2223 485 2288 minuendam
503 2223 696 2308 militumque
714 2225 834 2289 animos
849 2225 1077 2290 confirmandos
1091 2224 1138 2290 sa-

154 2324 211 2379 ctum
225 2316 404 2382 existimans
427 2317 460 2381 in
476 2317 629 2382 Haeduos
650 2319 749 2383 movit
771 2329 880 2383 castra
925 2343 964 2383 nc
987 2330 1053 2383 turn
1070 2319 1138 2403 qui·

152 2403 221 2473 tlen'
213 2411 356 2476 msecutis
373 2410 516 2477 hostibus
534 2412 624 2477 tertio
643 2413 694 2477 dic
711 2414 752 2477 ad
765 2413 880 2477 flumen
895 2414 1010 2478 Elaver
1027 2424 1136 2498 pontes

151 2501 327 2589 statasque
348 2506 518 2569 exercitum
539 2506 680 2571 traducit.
725 2506 768 2570 ibi
791 2506 1023 2571 aViridomaro
1045 2516 1138 2591 atque
1157 2528 1189 2574 et

149 2590 333 2684 Eporedorige
347 2598 489 2663 Haeduis
508 2601 680 2685 appellatus
699 2601 789 2665 discit
807 2623 879 2664 cum
898 2601 982 2664 omni
999 2600 1137 2683 equitatu

148 2687 299 2759 bituricum
316 2694 357 2758 ad
375 2695 584 2760 sollicitandos
599 2695 750 2760 Haeduos
765 2695 956 2802 profectum:
975 2718 1054 2801 opus
1068 2717 1138 2759 esse

94 2762 209 2868 ipsos
224 2788 405 2853 antecedere
423 2790 464 2852 ad
481 2790 723 2853 confirmandam
747 2789 912 2852 civitatem
957 2786 1138 2852 etsrtmultis

145 2874 190 2944 iau
202 2881 292 2947 rebus
309 2881 472 2967 perfidiam
489 2882 695 2947 Haeduorum
717 2892 913 2967 perspectam
936 2880 1071 2946 habebat
1093 2892 1139 2944 at-

143 2992 188 3055 que
197 2974 305 3041 horum
319 2976 460 3041 discessu
473 2977 661 3040 admaturari
674 2975 879 3040 defectionem
888 2974 1020 3040 ciuitatis
1035 2974 1140 3039 existi-

141 3067 235 3147 mtat,
252 3081 359 3135 tamen
376 3093 429 3135 eos
447 3070 623 3135 retinendos
641 3093 703 3135 non
721 3070 889 3146 constituit,
907 3093 946 3134 ne
960 3079 1013 3134 aut
1025 3068 1138 3133 inferre

140 3158 265 3229 iniuriam
287 3164 446 3229 videretur
466 3175 520 3229 aut
537 3166 610 3229 dare
629 3165 747 3229 timoris
765 3165 900 3247 aliquam
920 3163 1136 3249 suspicionem.

137 3253 352 3323 discedentibus
368 3258 418 3323 his
435 3258 569 3323 breviter
587 3282 644 3323 sua
661 3259 693 3323 in
705 3258 857 3323 Haeduos
876 3258 985 3322 merita
998 3257 1137 3342 exponit:

134 3370 200 3433 quos
220 3364 253 3417 et
272 3374 368 3437 quam
389 3352 523 3418 humiles
546 3353 731 3438 accepisset,
759 3352 937 3437 compulsos
959 3353 991 3415 in
1014 3351 1137 3437 oppida,

131 3445 266 3512 multatos
284 3447 368 3533 agris
387 3446 530 3511 omnibus
549 3448 661 3532 ereptis
680 3448 792 3532 copiis,
810 3447 956 3530 imposito
975 3446 1137 3530 stipendio,

129 3538 283 3606 obsidibus
310 3563 433 3606 summa
458 3563 530 3606 cum
556 3541 741 3606 contumelia
767 3541 907 3617 extortis,
935 3551 966 3604 ct
991 3563 1085 3623 quam
1107 3540 1140 3603 in

128 3632 277 3699 icaunam
303 3655 459 3718 quamque
484 3634 517 3697 in
539 3635 774 3720 amplitudinem
796 3635 990 3709 deduxisset,
1017 3643 1051 3697 ut
1076 3656 1139 3697 nou

126 3726 221 3793 solum
239 3727 274 3792 in
290 3727 455 3812 pristinum
474 3738 589 3792 statum
605 3728 774 3806 redissent,
793 3728 849 3793 sed
866 3728 1003 3791 omnium
1021 3736 1140 3810 tempo·

125 3843 189 3887 rurn
209 3820 397 3908 dignitatern
418 3831 451 3886 et
470 3823 602 3908 gratiam
630 3822 835 3887 antecessisse
860 3821 1046 3885 viderentur.
1090 3819 1139 3883 his

126 3914 200 3981 tatis
216 3915 389 3993 mandatis,
413 3938 466 3980 eos
485 3916 524 3981 ab
544 3939 578 3980 se
595 3916 721 3980 dimisit.
764 3915 984 3980 Noviodunum
1003 3925 1068 3978 erat
1085 3936 1140 3998 op-
1158 3935 1190 3981 55

126 4008 227 4093 pidum
244 4009 452 4075 Haeduorum
469 4010 510 4074 ad
526 4011 609 4096 ripas
628 4010 753 4096 Ligeris
776 4018 950 4095 opportuno
972 4009 1040 4072 loco
1057 4007 1142 4093 posi-

127 4111 196 4167 urm
229 4102 294 4169 hue
312 4101 432 4169 Caesar
449 4127 556 4169 omncs
575 4103 701 4169 obsides
720 4101 851 4178 Galliae,
869 4103 1068 4179 frumentum,
1086 4124 1141 4187 pc-

128 4195 243 4262 emtam
254 4195 424 4283 publicam,
439 4221 565 4263 suorum
579 4209 671 4282 atque
684 4197 837 4262 exercitus
851 4196 1140 4281 impedimentorum

128 4309 267 4377 maguam
284 4301 406 4377 partem
423 4291 607 4369 contulerat;
626 4292 688 4356 huc
702 4314 851 4377 magnum
864 4313 1028 4354 numerum
1045 4312 1140 4374 equo-

127 4404 190 4447 rum
205 4384 299 4450 huius
317 4384 391 4450 belli
409 4407 504 4450 causa
520 4386 553 4449 in
570 4385 661 4450 Italia
679 4396 771 4469 atque
789 4383 946 4468 Hispania
963 4389 1139 4469 coemptum

128 4477 255 4544 naemu
305 4502 343 4545 eo
370 4502 441 4543 cum
462 4480 658 4565 Eporedorix
680 4479 957 4561 Viridomarusque
984 4479 1140 4543 venissent

129 4580 157 4634 et
170 4572 209 4638 de
230 4584 315 4640 statu
332 4573 466 4639 civitatis
489 4575 721 4661 cognovissent,
747 4572 926 4637 Litavicurn
944 4572 1082 4638 Bibracti
1099 4572 1139 4637 ab
