2738 5272
203 713 266 779 394
586 724 836 782 FRAGMENTA.

205 849 292 901 lind:
311 847 360 901 Ait
375 846 493 914 Caesar,
513 847 582 901 ‘nisi
601 846 695 900 omnia
711 846 890 900 consentiant
902 844 976 898 inter
994 860 1039 911 se,
1057 860 1119 897 non
1134 849 1237 912 potest

203 923 278 994 lieri,
296 931 329 978 ut
342 923 461 978 nominis
477 924 629 977 similitudo
649 923 701 976 eit'.
737 924 803 976 lein.
817 939 844 990 p.
858 922 904 974 et:
923 919 1057 990 Legimus
1077 920 1160 989 apud
1175 937 1233 973 ma-

202 1001 277 1055 iores
294 1006 407 1055 nostros
425 1000 529 1070 primas
548 1001 624 1070 apud
641 1000 786 1053 Romanos
803 998 846 1051 XI
864 998 973 1052 litteras
996 996 1086 1050 fuisse
1105 1003 1233 1050 tantum-

202 1078 299 1144 modo,
323 1083 356 1130 ut
372 1077 441 1130 dicit
458 1076 564 1131 Caesar
582 1076 654 1129 libro
672 1074 867 1144 analogiarum
885 1074 983 1143 primo.
1023 1073 1090 1126 leia
1116 1090 1146 1142 p.
1166 1073 1232 1126 233:

203 1153 292 1208 Varro
304 1152 384 1207 dicit:
404 1153 539 1206 ‘lae'non
551 1153 686 1205 debemus
696 1151 803 1218 dicere,
824 1152 874 1205 sed
890 1151 978 1205 ‘laet'.
1014 1149 1066 1203 sed
1076 1149 1152 1204 dixit
1161 1148 1234 1204 Cac-

203 1245 249 1282 sur
260 1238 359 1283 contra
368 1229 458 1299 ipsum
469 1247 526 1285 rem
536 1228 767 1295 valentissimam,
786 1229 893 1281 nullum
902 1243 1005 1280 nemen
1018 1226 1135 1279 duabus
1146 1227 1233 1279 mutis

172 1346 180 1362 .
202 1305 352 1359 terminari.
388 1307 454 1358 lbid.
469 1323 496 1375 p.
512 1306 575 1359 108:
595 1305 643 1358 Ait
657 1303 697 1357 sic
712 1302 816 1358 Caesar
829 1303 858 1357 in
873 1304 952 1357 libris
966 1301 1121 1372 analogiae
1142 1303 1232 1357 ‘duee

203 1382 377 1448 suntAlbae,
393 1382 528 1448 alisiam,
544 1380 801 1450 quamnovimusin
811 1379 920 1448 Aricia,
934 1379 1028 1434 atalia
1038 1379 1126 1433 hicin
1136 1379 1232 1432 Italia

202 1459 332 1511 volentes
350 1458 470 1512 Romani
489 1457 686 1512 discretionem
709 1457 819 1525 facere,
841 1457 913 1510 istos
932 1456 1061 1509 Albanos
1085 1456 1231 1522 dixerunt,

202 1535 266 1588 illos
277 1534 434 1588 Albenses'.
469 1552 527 1588 non
537 1535 671 1603 quoniam
680 1534 839 1588 nescientes
849 1551 933 1587 unam
946 1532 1156 1586 derivationem
1167 1549 1232 1587 esse

202 1609 408 1680 lrocfecerunt,
427 1608 532 1665 Caesar
542 1613 596 1665 boc
606 1610 687 1676 dixit,
707 1612 757 1663 sed
767 1618 799 1664 ut
807 1611 935 1664 facerent
945 1607 1148 1663 discretionem
1159 1610 1233 1664 inter

202 1689 333 1755 colonos,
352 1686 504 1742 interillos
518 1693 548 1742 et
562 1687 640 1742 istos.
678 1689 806 1740 Priscian.
819 1708 846 1757 p.
860 1686 912 1739 545
925 1688 956 1738 P.
971 1685 1004 1756 (L
1018 1703 1047 1755 p.
1063 1687 1096 1739 14
1112 1687 1232 1758 Hertz.);

202 1764 366 1834 ‘Pompeiii'
385 1780 497 1834 quoque
512 1763 665 1834 genitivum
678 1780 729 1833 per
747 1763 801 1818 tria
814 1764 824 1816 i
838 1763 1013 1830 scribebant,
1033 1779 1160 1833 quorum
1175 1764 1232 1817 duo

202 1841 348 1910 superiora
361 1841 425 1894 loco
436 1840 652 1895 consonantium
666 1840 858 1909 accipiebant,
877 1839 941 1893 utsi
957 1838 1034 1893 dicas
1050 1839 1232 1909 ‘Pompclli’.

201 1935 266 1971 uam
280 1918 370 1971 tribus
384 1917 394 1969 i
406 1917 509 1970 iuuetis
525 1917 616 1987 qualis
631 1916 723 1984 possit
737 1917 848 1985 syllaba
861 1913 1056 1985 pronuntiari?
1075 1932 1144 1968 uam
1154 1925 1232 1986 post-

202 2011 307 2048 remum
326 1995 335 2045 i
357 2010 408 2063 pro
424 1993 515 2047 vocali
539 1999 584 2046 est
601 1992 809 2061 accipiendum3
832 1994 907 2063 quod
926 1991 1041 2046 Caesari
1061 1992 1232 2046 doctissimo

202 2068 401 2139 grammaticae
418 2069 551 2139 placitum
572 2086 589 2122 a
603 2068 717 2123 Victore
733 2085 845 2138 quoqne
863 2069 892 2121 in
911 2074 971 2122 arte
986 2070 1180 2137 grammatica
1197 2071 1231 2123 de

203 2145 321 2214 syllabis
336 2145 544 2214 comprobatur.

252 2221 355 2276 Liber
367 2221 405 2274 ΙΙ.
442 2223 541 2273 Clera's.
553 2239 580 2290 p.
594 2219 645 2274 104
657 2221 703 2274 Ρ..·
722 2220 752 2274 C.
763 2221 868 2275 Caesar
885 2222 919 2275 de
937 2219 1072 2289 analogia
1087 2223 1232 2275 seeundo:

202 2296 321 2365 ‘sagos',
340 2298 499 2366 ‘populos',
519 2298 642 2351 ‘ulmos'.
677 2298 750 2351 Idem
768 2316 796 2367 p.
811 2299 873 2351 109·
893 2296 1009 2352 ‘Lacer‘
1024 2314 1061 2350 an
1080 2297 1233 2352 ‘laceris'i

202 2373 358 2440 ut‘teacr',
378 2375 477 2443 ‘pner'.
512 2374 639 2427 ultimam
653 2373 727 2427 enim
745 2375 870 2429 vocalem
886 2372 908 2427 si
922 2373 1063 2427 ablativus
1078 2389 1095 2425 o
1110 2375 1231 2442 miserit,

203 2449 283 2502 dabit
293 2450 377 2518 scire,
397 2451 488 2520 qualis
499 2467 562 2504 esse
574 2451 677 2504 debeat
686 2452 881 2504 nominativus.
909 2449 1039 2503 Ovidius:
1059 2449 1143 2504 Mille
1155 2444 1232 2507 lacer

202 2543 338 2596 spargere
352 2527 432 2581 loeis.
468 2529 544 2596 quod
558 2527 598 2581 ita
612 2528 668 2581 dici
682 2527 881 2582 docetCaesar
895 2527 929 2579 de
944 2526 1078 2594 analogia
1092 2527 1172 2581 libro
1190 2546 1231 2581 se·

204 2603 305 2656 cundo.
331 2606 403 2657 ldem
413 2622 441 2673 p.
454 2604 515 2656 lli:
531 2605 636 2658 Caesar
646 2604 680 2657 de
691 2605 823 2674 analogia
834 2603 957 2657 seeundo
969 2603 1135 2656 ‘turbonem
1142 2604 1159 2669 ⁹,
1175 2620 1232 2657 non

204 2680 370 2734 ‘turbinem'
385 2682 470 2734 etiam
480 2680 507 2733 in
518 2686 686 2750 tempestate
697 2681 751 2734 dici
763 2682 866 2734 debere
881 2680 933 2746 ait,
952 2686 985 2732 ut
995 2679 1080 2732 ‘Cato
1092 2680 1231 2743 Catonis',

204 2773 260 2809 uon
270 2763 302 2809 ut
315 2757 412 2810 ‘bomo
423 2756 560 2809 lromiuis'.
595 2759 667 2810 Idem
677 2775 703 2826 p.
713 2759 760 2810 98:
779 2758 821 2811 Ne
835 2757 885 2809 illa
903 2756 1014 2825 quidem
1028 2755 1102 2808 ratio
1113 2765 1230 2826 recepta

204 2840 260 2900 cst,
280 2851 363 2904 quam
379 2833 409 2886 C.
421 2834 526 2887 Caesar
535 2833 617 2902 ponit
630 2834 659 2885 iu
673 2833 828 2901 femininis,
846 2841 879 2886 nt
892 2832 1006 2902 ‘puppi,
1024 2831 1108 2898 resti,
1127 2833 1228 2902 pelvi’.

204 2911 259 2964 hoa
278 2911 351 2964 enim
369 2911 453 2962 modo
473 2917 501 2963 et
521 2910 571 2964 ‘ab
590 2910 644 2964 hae
658 2911 732 2963 cuui'
752 2910 877 2963 dicemus
896 2919 925 2963 et
944 2908 1065 2962 ‘abhoc
1085 2910 1176 2963 cane‘.
1197 2940 1229 2950 -

204 2986 333 3041 Omnium
347 2986 503 3054 nominum,
523 3005 594 3056 quae
610 2994 675 3039 sunt
688 2986 779 3040 uentri
794 2986 904 3055 generis
920 2992 948 3038 ct
962 2985 989 3037 in
1005 2986 1229 3050 eterminantur,

204 3065 244 3119 ait
257 3064 367 3116 Plinius
384 3063 534 3116 Caesarem
553 3064 640 3117 scisse
660 3064 774 3117 eosdem
792 3079 854 3116 esse
868 3062 1022 3128 ablativos,
1042 3063 1145 3131 quales
1164 3070 1229 3115 sunt

204 3141 290 3195 dativi
311 3139 478 3208 singulares.
518 3140 590 3191 Idem
609 3157 635 3208 p.
654 3138 700 3192 95:
718 3139 828 3192 Plinius
846 3137 992 3191 Secundus
1011 3138 1153 3208 ‘animal',
1173 3157 1228 3193 nou

204 3217 350 3270 ‘animale’
366 3215 407 3268 ait
416 3214 472 3268 diei
483 3215 595 3268 debere.
623 3214 773 3283 C.Caesar,
784 3215 865 3284 quasi
875 3215 1055 3268 indiscretum
1065 3214 1122 3269 boc
1132 3216 1180 3282 sit,
1190 3217 1229 3270 ait

204 3291 497 3346 llitteranominativo
512 3291 648 3360 singulari
662 3299 761 3345 neutra
776 3292 853 3346 finita
867 3292 980 3345 nemina
994 3291 1114 3345 candem
1128 3291 1226 3346 delini·

203 3369 308 3423 tionem
323 3385 437 3436 capere,
458 3384 540 3436 quam
556 3368 671 3436 capiunt
686 3386 700 3422 e
714 3368 809 3422 littera
823 3369 983 3422 terminata:
1004 3367 1084 3420 ‘huie
1099 3369 1227 3422 animali·

203 3452 232 3499 et
240 3446 289 3500 ‘ab
300 3446 354 3498 boc
365 3444 499 3512 animali,
520 3444 598 3497 ‘huie
607 3445 725 3513 puteali‘
735 3452 763 3499 et
774 3447 824 3499 ‘ab
835 3445 889 3498 boc
898 3444 1026 3514 puteali’.
1046 3444 1119 3497 Idem
1128 3463 1157 3515 p.
1165 3448 1226 3500 108:

203 3520 313 3575 Plinius
331 3520 371 3574 ait
389 3521 463 3573 inter
482 3527 577 3574 cetera
595 3523 679 3574 etiam
697 3521 772 3574 istud
792 3523 822 3574 C.
841 3523 988 3575 Caesarem
1012 3520 1126 3574 dedisse
1145 3540 1226 3590 prae·

203 3605 328 3667 ceptum,
349 3598 482 3666 quoniam
491 3605 592 3650 neutra
607 3597 720 3650 nomina
734 3615 765 3651 ar
779 3599 950 3651 nominativo
962 3598 1059 3651 clausa
1072 3598 1143 3666 peri
1155 3599 1226 3653 dati·

202 3691 266 3726 vum
281 3674 492 3743 ablativumque
513 3673 670 3742 singulares
689 3675 855 3740 ostendant,
876 3674 984 3727 ‘iubar’
1003 3680 1098 3727 tamen
1117 3674 1154 3727 ab
1173 3674 1227 3727 hac

202 3751 302 3818 regula
313 3750 458 3802 dissidere.
495 3750 566 3804 Nam
577 3756 608 3801 ut
622 3749 700 3802 ‘huie
711 3751 814 3803 iubari'
830 3749 960 3816 dicimus,
982 3750 1032 3804 ‘ab
1047 3752 1103 3804 boc
1113 3751 1226 3804 iubarc'

203 3826 351 3878 dicendum
370 3833 425 3892 est,
452 3832 483 3878 ut
505 3825 584 3878 ‘huie
603 3824 683 3878 farri’
701 3833 730 3878 et
750 3828 800 3880 ‘ab
819 3827 874 3879 hoe
892 3826 983 3879 farre'.
1027 3828 1101 3879 Idem
1119 3846 1147 3897 p.
1163 3829 1225 3881 114:

202 3902 345 3954 ‘Panium'
365 3904 469 3954 Caesar
488 3902 522 3955 de
541 3901 675 3970 analogia
693 3902 766 3956 libro
787 3903 911 3957 secundo
931 3902 988 3955 diei
1002 3903 1106 3956 debere
1125 3905 1174 3958 ait.
1194 3937 1226 3944 —

203 3975 343 4030 ‘Partem'
359 3978 462 4031 Caesar
471 3977 501 4029 iu
511 3977 675 4045 analogicis.
711 3980 783 4031 Idem
793 3997 819 4047 p.
830 3980 876 4031 86:
896 3979 1001 4032 Caesar
1013 3979 1087 4032 libro
1099 3982 1225 4033 secundo

203 4053 303 4105 ‘idem'
317 4053 463 4121 pluraliter
473 4060 502 4105 et
516 4054 632 4107 ‘isdem'
647 4054 796 4108 dicendum
807 4054 968 4120 confirmat,
988 4056 1038 4108 sed
1049 4059 1224 4109 consuetudo

203 4128 256 4181 lroc
270 4146 327 4182 nou
342 4137 444 4181 servat.
480 4128 543 4183 ‘Se‘
558 4136 586 4184 et
601 4132 691 4184 ‘sese'
706 4132 873 4200 pronomina
886 4132 927 4185 ita
941 4131 1103 4200 distinguit,
1122 4138 1154 4185 ut
1168 4133 1225 4184 ‘se'

202 4203 341 4272 dieamus,
361 4222 422 4257 cum
433 4204 555 4275 aliquem
567 4205 633 4275 quid
644 4207 672 4259 in
682 4209 766 4261 alium
777 4207 879 4262 fecisse
890 4208 1078 4274 ostendimus,
1097 4216 1129 4261 ut
1142 4218 1225 4277 puta:

202 4280 249 4331 ille
260 4279 329 4332 dixit
339 4298 368 4334 se
379 4281 433 4334 hoe
442 4282 483 4333 illi
494 4281 604 4336 secisse.
640 4300 701 4336 eum
712 4292 805 4339 aulem
816 4285 844 4337 in
855 4302 884 4338 se
899 4285 1003 4353 ipsum,
1021 4292 1087 4337 tune
1098 4285 1225 4338 dicamus

202 4358 299 4424 ‘scsc’,
320 4357 418 4410 veluti:
437 4357 508 4410 dixit
526 4375 588 4412 sese
607 4359 661 4413 hoe
681 4361 735 4414 sibi
753 4361 865 4415 fecisse.
886 4392 919 4400 —
937 4362 1065 4414 Priscian.
1080 4379 1108 4429 p.
1124 4361 1175 4413 707
1194 4363 1224 4413 P.

203 4432 239 4482 tl.
258 4449 285 4500 p.
299 4431 351 4483 ela
366 4433 425 4502 Idi:
444 4434 477 4486 ln
498 4434 548 4486 ‘is’
567 4436 725 4491 desinentia
744 4438 871 4508 longam,
892 4437 1090 4506 cuiuscumque
1111 4438 1225 4506 generis

201 4507 268 4575 siut,
288 4508 391 4562 Latina
406 4511 503 4564 ablata
517 4532 529 4563 s
545 4512 641 4567 addita
657 4515 719 4567 ‘tis'
733 4514 843 4569 faciunt
856 4514 1024 4585 genitivum,
1043 4522 1075 4566 ut
1088 4513 1174 4567 ‘haec
1190 4514 1224 4566 lis
