2738 5272
184 690 248 757 366
532 700 648 756 BELLI
666 699 849 757 aestuum

184 849 359 901 cessurum3
377 824 459 889 bona
476 825 601 908 quidem
620 846 727 890 soriam
745 845 779 889 se
796 824 1011 903 venditurum,
1028 827 1079 890 ita
1098 835 1223 901 tamen,

184 921 238 1004 qui
256 944 362 986 eorum
379 920 447 1004 ipse
465 942 523 984 sua
543 918 626 983 bona
648 919 843 996 redemisset,
872 942 906 983 se
924 918 1085 985 bonorum
1105 922 1223 987 rendi·

184 1015 300 1079 tionem
317 1013 514 1077 inducturum
532 1023 563 1077 et
580 1013 743 1096 pecuniam
757 1014 872 1077 multae
886 1013 1011 1078 nomine
1024 1015 1220 1091 relaturum,

184 1119 218 1172 ut
235 1107 477 1172 incolumitatem
494 1106 625 1171 retinere
643 1118 758 1191 posset.
802 1106 915 1190 quibus
935 1119 1020 1171 metu
1039 1109 1221 1195 exsangui·

183 1200 243 1267 bus
261 1202 300 1265 de
318 1202 443 1284 vitaque
460 1222 500 1264 ex
518 1223 575 1264 suo
592 1201 758 1285 promerito
775 1200 1012 1285 desperantibus
1031 1201 1147 1267 subito
1162 1202 1221 1267 ob-

184 1296 246 1359 lata
265 1295 362 1359 salute
380 1294 511 1360 libentes
530 1294 694 1379 cupidique
713 1294 925 1358 condicionem
946 1308 1144 1379 acceperunt
1162 1318 1221 1380 pe-

184 1390 357 1472 tieruntque
387 1411 407 1452 a
437 1387 586 1464 Caesare,
617 1401 652 1451 ut
680 1387 834 1452 universis
865 1386 954 1452 000
984 1411 1051 1452 uno
1085 1391 1219 1454 nomine

153 1564 156 1569 ι
183 1483 345 1569 pecuniam
364 1482 537 1566 imperaret.
564 1482 668 1565 itaque
686 1481 807 1545 miliens
826 1481 967 1545 sestertio
980 1481 1029 1545 his
1048 1482 1220 1568 imposito,

184 1587 219 1640 ut
239 1599 295 1661 per
316 1576 480 1640 triennium
503 1597 559 1639 sex
579 1574 782 1661 pensionibus
804 1574 919 1660 populo
936 1575 1087 1640 Romano
1111 1578 1220 1642 solve·

183 1682 265 1747 rent,
291 1670 376 1734 nullo
398 1692 505 1734 eorum
526 1679 688 1734 recusante
710 1691 747 1733 ac
774 1691 807 1733 se
835 1692 872 1733 eo
894 1669 944 1733 die
965 1669 1099 1735 demum
1123 1684 1220 1737 natos

184 1765 396 1850 praedicantes
414 1764 487 1828 laeti
504 1764 620 1849 gratias
638 1773 735 1849 agunt
753 1763 892 1828 Caesari.

135 1879 164 1925 91
248 1859 318 1923 Rex
335 1857 456 1921 interim
474 1857 563 1934 Iuba,
582 1867 617 1921 ut
634 1879 674 1921 ex
690 1858 808 1942 proelio
825 1858 957 1944 fugerat,
975 1880 1040 1921 uua
1060 1880 1140 1922 cum
1154 1859 1221 1925 Pe-

185 1953 261 2016 treio
283 1951 416 2015 interdiu
438 1951 470 2014 in
488 1951 569 2013 villis
591 1950 741 2014 latitando
763 1951 888 2015 tandem
910 1951 1074 2016 nocturnis
1095 1953 1222 2019 itineri·

138 2127 141 2133 Ι
184 2046 244 2110 bus
253 2045 402 2109 confectis
415 2045 586 2129 iuregnum
600 2045 738 2128 pervenit
748 2058 840 2128 atque
854 2044 894 2108 ad
903 2045 1053 2129 oppidum
1064 2045 1220 2124 Zamam,

184 2139 238 2202 ubi
256 2139 323 2223 ipsc
341 2138 539 2214 domicilium,
558 2137 706 2221 coniuges
724 2138 899 2221 liberosque
916 2137 1068 2215 habebat,
1090 2162 1159 2223 quo
1179 2165 1222 2207 ex

184 2244 295 2296 cuncto
313 2254 408 2317 regno
426 2254 550 2296 omnem
567 2232 728 2316 pecuniam
748 2233 984 2316 rarissimasque
998 2255 1049 2297 res
1064 2256 1222 2322 compor-

184 2335 302 2390 tavemt
323 2326 469 2408 quodque
491 2326 567 2390 inito
589 2325 671 2390 bello
698 2327 844 2410 operibus
871 2327 1015 2390 maximis
1039 2331 1220 2406 munierat,

184 2420 311 2484 accedit.
357 2443 450 2503 quem
473 2431 565 2484 antea
587 2421 734 2504 oppidani
755 2443 878 2484 rumore
896 2434 1042 2504 exoptato
1066 2422 1112 2485 cle
1135 2426 1222 2489 Cae-

185 2514 262 2578 saris
285 2514 414 2578 victoria
435 2514 541 2577 audito
564 2514 603 2578 ob
626 2514 682 2577 bas
702 2536 812 2578 causas
831 2514 945 2598 oppido
968 2514 1221 2597 prohibuerunt,

184 2609 267 2689 quod
285 2607 365 2673 bello
384 2620 491 2673 contra
507 2607 657 2692 populum
674 2608 851 2672 Romanum
875 2622 1019 2691 suscepto
1038 2609 1073 2675 in
1094 2613 1221 2696 oppido

185 2703 300 2767 Zamae
321 2703 415 2789 lignis
437 2703 593 2789 congestis
616 2703 783 2767 maximam
810 2703 842 2764 in
868 2702 970 2765 medio
997 2702 1069 2765 foro
1101 2728 1221 2790 pyram

184 2808 410 2873 construxerat,
433 2810 480 2874 ut,
504 2798 531 2860 si
548 2797 628 2861 sorte
645 2795 727 2861 bello
750 2796 830 2859 foret
853 2807 1031 2880 superatus,
1059 2801 1221 2865 onmibus

184 2891 278 2954 rebus
297 2914 334 2955 eo
356 2891 559 2967 coacervatis,
583 2890 656 2954 dein
678 2889 798 2953 civibus
820 2891 938 2953 cunctis
961 2890 1145 2956 intersectis
1166 2918 1222 2960 eo-

184 2985 315 3066 demque
334 2985 478 3069 proiectis
492 2985 564 3070 igne
578 2984 717 3048 subiecto
730 2994 795 3046 tum
809 2984 934 3046 demum
948 2984 1014 3067 ipse
1029 3006 1063 3048 se
1079 2986 1222 3073 insuper

93 3093 94 3096 ’
184 3079 368 3142 interficeret
394 3088 486 3160 atque
513 3101 575 3142 una
600 3101 671 3141 cum
697 3078 816 3154 liboris,
848 3078 1049 3163 coniugibus,
1084 3082 1219 3147 civibus

184 3184 356 3254 cunctaque
382 3194 462 3255 gaza
483 3172 570 3256 regia
596 3183 791 3235 cremaretur.
835 3181 1000 3255 postquam
1023 3171 1111 3237 Iuba
1143 3190 1220 3241 ante

183 3278 287 3349 portas
314 3265 367 3328 diu
389 3265 581 3348 multumque
607 3266 706 3349 primo
733 3265 824 3328 minis
847 3287 903 3349 pro
930 3265 1060 3349 imperio
1089 3271 1219 3354 egisset

184 3382 253 3422 cum
269 3358 485 3434 Zamensibus,
504 3359 585 3435 dein,
604 3382 674 3422 cum
693 3381 726 3422 se
745 3382 854 3443 parum
872 3359 1020 3443 proficere
1034 3359 1221 3429 intellexis-

184 3463 245 3530 set,
268 3453 411 3538 precibus
430 3464 562 3530 orasset,
585 3453 629 3517 uti
648 3476 682 3517 se
700 3454 740 3516 ad
759 3475 832 3515 suos
851 3453 927 3517 cleos
946 3464 1074 3536 penates
1095 3458 1220 3522 admit-

185 3559 294 3623 terent,
313 3547 365 3611 ubi
384 3572 437 3611 eos
451 3559 588 3632 perstare
602 3548 632 3610 in
647 3547 799 3611 sententia
812 3547 1025 3610 animadvertit
1040 3569 1102 3611 nee
1118 3554 1219 3617 minis

184 3664 242 3705 nec
260 3642 403 3727 precibus
423 3642 488 3706 suis
507 3642 636 3717 moveri,
655 3663 717 3723 quo
736 3641 836 3724 magis
855 3663 888 3704 se
907 3642 1094 3725 reciperent,
1118 3649 1217 3711 tertio

183 3737 260 3820 petit
278 3736 317 3799 ab
336 3736 395 3810 eis,
418 3747 453 3799 ut
471 3736 529 3800 sibi
548 3736 694 3819 coniuges
714 3734 888 3816 liberosque
906 3736 1083 3811 redderent,
1106 3751 1146 3802 ut
1166 3764 1218 3805 sc-

184 3851 256 3892 cum
275 3852 327 3893 eos
345 3839 525 3913 asportaret.
570 3840 734 3913 postquam
757 3827 817 3891 sibi
834 3828 910 3891 nibil
930 3829 1055 3891 omnino
1074 3834 1217 3916 oppida-

183 3945 240 3987 nos
258 3924 399 4007 responsi
416 3924 544 3987 reddere
562 3922 791 3997 animadvertit,
819 3922 904 3986 nulla
925 3945 957 3985 re
980 3922 1018 3985 ab
1037 3922 1088 3986 his
1109 3924 1217 4011 irnpe-

184 4027 263 4080 trata
287 4015 327 4080 ab
350 4016 448 4080 Zama
474 4016 605 4081 discedit
630 4026 723 4098 atquo
749 4016 789 4079 ad
815 4016 919 4079 villam
948 4039 1037 4080 suam
1061 4039 1140 4083 eum
1164 4022 1213 4085 M.

134 4127 165 4174 92
183 4108 308 4173 Petreio
325 4111 494 4194 paucisque
513 4108 667 4193 equitibus
686 4131 720 4173 sc
738 4108 866 4172 confert.
895 4109 1066 4174 Zamenses
1081 4110 1214 4178 interim

183 4203 302 4288 legatos
322 4205 359 4267 de
378 4205 425 4268 his
445 4205 537 4269 rebus
556 4205 596 4267 ad
610 4203 778 4267 Caesarem
793 4202 918 4266 Uticam
937 4204 1062 4267 mittunt
1081 4218 1214 4288 petunt-

184 4319 244 4379 que
266 4297 306 4361 ab
329 4319 379 4372 eo,
401 4299 461 4373 uti,
485 4308 650 4380 antequam
672 4319 728 4360 rex
745 4319 871 4360 manum
893 4297 1051 4381 colligeret
1071 4321 1212 4385 seseque

185 4402 386 4476 oppugnaret,
407 4392 465 4456 sibi
483 4393 633 4457 auxilium
650 4392 797 4455 mitteret:
817 4414 850 4456 se
868 4403 970 4455 tamen
988 4405 1116 4477 paratos
1137 4420 1211 4463 esse

185 4484 258 4561 sibi,
284 4486 387 4567 quoad
405 4487 468 4550 vita
486 4494 674 4571 suppeteret,
702 4486 851 4570 oppidum
870 4508 964 4569 seque
983 4486 1010 4549 ei
1032 4510 1208 4557 reservare.
