2692 5206
490 806 619 865 CATUT
638 809 754 863 16-19.
1070 794 1132 860 377

153 928 221 994 relicti
236 942 265 996 et
282 931 394 996 deserti
416 955 435 995 a
452 930 617 1016 Pompeio,
641 945 693 996 tua
715 933 826 996 virtute
845 932 981 1016 superati
1002 931 1135 997 salutem

153 1034 215 1087 etur
229 1024 389 1089 clementia
405 1024 610 1109 deposcimus,
629 1026 773 1110 petimus,
792 1037 827 1089 ut
845 1026 968 1109 qualern
988 1073 1133 1091 ......

152 1117 264 1199 gentibus
281 1141 333 1182 me
350 1120 502 1203 praestiti,
530 1119 662 1183 similem
684 1120 717 1182 in
735 1120 850 1183 civium
873 1119 1029 1183 deditione
1046 1142 1136 1205 prac-

152 1209 222 1275 ettbo.
251 1213 389 1277 remissis
406 1212 517 1298 legatis
535 1235 606 1277 cnm
625 1214 665 1277 ad
681 1224 802 1298 portam
821 1214 979 1276 venissent
994 1213 1043 1277 Ti.
1059 1214 1136 1278 Tul·
1158 1234 1187 1281 18

90 1372 94 1377 ,
152 1299 193 1365 lius
206 1353 316 1370 .....
336 1315 456 1370 etcum
473 1306 678 1371 introeuntem
697 1305 758 1371 Ὀ.
778 1305 958 1371 Antonius*
975 1307 1136 1371 insecutus

90 1432 94 1481 ξ
151 1416 194 1460 ma
204 1411 288 1475 esset,
307 1400 433 1464 revertit
445 1401 484 1464 ad
498 1411 618 1485 portam
632 1411 662 1464 et
675 1401 832 1464 hominem
847 1400 1048 1486 apprehendit
1051 1449 1136 1464 .....

151 1492 209 1569 quod
233 1492 377 1557 Tiberius
403 1515 474 1557 cum
500 1495 566 1558 ficri
592 1494 822 1571 animadvertit,
850 1494 942 1558 simul
968 1494 1137 1579 pugionem

151 1581 228 1648 eduxit
248 1596 279 1650 et
300 1608 426 1649 manum
448 1587 515 1651 eius
537 1587 653 1651 incidit.
697 1588 740 1651 ita
758 1588 940 1673 refugerunt
962 1587 1001 1650 ad
1021 1585 1138 1652 Cacsa-

150 1694 202 1739 ren.
236 1679 406 1762 eodemque
424 1690 560 1766 tempore
579 1680 708 1766 signifer
725 1681 764 1745 de
781 1681 904 1766 legione
922 1681 1022 1765 prima
1038 1692 1138 1745 hans-

150 1765 207 1853 tagit
221 1782 250 1836 et
266 1774 428 1850 nuntiavit,
447 1796 508 1857 quo
527 1775 577 1838 elie
594 1785 736 1858 equestre
750 1776 900 1860 proelium
914 1777 1032 1838 l'actum
1045 1786 1136 1851 esset,

151 1881 191 1926 eno
208 1866 293 1952 signo
314 1868 433 1952 perisse
455 1867 596 1933 homines
614 1868 765 1945 XXXV,
792 1890 892 1950 neque
914 1868 1007 1932 licere
1028 1869 1138 1933 castris

150 1950 191 2020 Cn
210 1958 340 2045 Pompei
370 1962 510 2025 nuntiare
536 1984 636 2045 neque
663 1962 766 2025 dicere
791 1963 909 2046 perisse
940 1984 1137 2045 quemquam.

149 2066 239 2129 mnus,
257 2055 345 2118 cuius
363 2056 507 2118 dominus
525 2056 557 2118 in
573 2055 718 2120 Caesaris
737 2056 846 2119 eastris
865 2055 976 2119 fuisset
994 2056 1136 2137 (uxorem

90 2194 92 2237 Ι
148 2144 252 2212 etfilios
273 2148 307 2211 in
329 2149 443 2232 oppido
464 2149 657 2232 reliquerat),
685 2148 844 2212 dominum
865 2148 1018 2233 iugulavit
1039 2159 1071 2212 et
1096 2149 1139 2213 ita

90 2260 92 2279 ¹
147 2232 205 2334 ¹clun
224 2263 242 2304 a
259 2239 404 2306 Caesaris
427 2243 589 2326 praesidiis
611 2243 643 2305 in
666 2241 798 2325 Pompei
820 2252 921 2306 castra
942 2242 1086 2307 discessit
1108 2254 1139 2304 ct

146 2328 270 2397 udaium
295 2335 408 2419 glande
436 2335 585 2419 scripturn
608 2335 705 2411 misit,
733 2357 789 2419 per
814 2336 897 2418 quod
921 2336 1031 2399 certior
1051 2336 1139 2400 fieret

144 2413 254 2519 persar,
280 2450 361 2511 quae
378 2429 411 2491 in
428 2428 543 2513 oppido
561 2429 601 2491 ad
624 2429 858 2495 defendendum
876 2438 1137 2513 compararentur.

142 2522 175 2576 ¹2⁸
187 2518 290 2586 litteris
307 2522 457 2607 acceptis,
477 2544 548 2587 curn
566 2523 598 2585 in
617 2523 765 2607 oppidum
783 2523 975 2598 revertisset,
999 2523 1053 2606 qui
1069 2523 1140 2586 mit-

141 2608 193 2674 ltre
210 2615 353 2700 glandem
375 2616 555 2700 inscriptam
578 2614 697 2679 solebat
698 2664 843 2679 ......
871 2616 1045 2697 insequenti
1063 2626 1140 2678 tem·

135 2710 201 2773 l0re
223 2708 285 2773 duo
306 2709 453 2772 Lusitani
481 2710 591 2772 sratres
619 2709 800 2793 transfugae
826 2709 1018 2784 nuntiarunt,
1046 2729 1139 2790 quarn

131 2781 291 2885 Pompeias
310 2803 484 2866 contionem
503 2802 678 2867 habuisset:
701 2803 848 2885 quoniam
867 2801 980 2885 oppido
999 2798 1139 2864 subsidio

128 2896 190 2955 ¹²0u
205 2906 308 2979 posset
325 2897 444 2972 venire,
471 2908 566 2960 noctu
587 2918 627 2959 cx
649 2897 896 2959 adversariorum
919 2906 1087 2979 conspectu
1106 2916 1139 2957 se

127 2969 308 3054 deducerent
325 2989 366 3053 ad
383 3012 468 3053 mere
486 3012 625 3067 versum3
643 3013 740 3053 unum
758 2989 966 3074 respondisse,
986 2997 1019 3051 ut
1036 2987 1139 3072 potius

126 3068 163 3135 ld
183 3082 389 3148 dimicandum
407 3084 644 3160 descenderent,
669 3107 763 3167 quarn
782 3084 907 3169 signum
925 3082 1020 3168 fugae
1038 3093 1141 3147 osten·

128 3156 243 3254 ‘lerona
261 3200 343 3253 eum,
362 3179 415 3262 qui
429 3180 473 3242 ita
485 3180 606 3243 locutus
621 3191 713 3255 esset,
731 3181 914 3265 iugulatum.
942 3179 1051 3242 eodem
1065 3188 1142 3242 tem-

130 3273 199 3337 tore
215 3270 365 3335 tabellarii
383 3272 449 3337 eius
464 3272 656 3358 deprehensi,
676 3274 729 3356 qui
747 3274 788 3337 ad
801 3274 948 3358 oppidum
963 3272 1141 3349 veniebant:

132 3367 254 3436 (luorum
271 3365 389 3430 litteras
404 3366 523 3431 Caesar
541 3368 704 3452 oppidanis
723 3367 835 3431 abiecit
853 3367 954 3449 etqui
973 3368 1068 3430 vitam
1082 3365 1143 3431 sibi

135 3464 240 3532 peteret
256 3460 349 3524 iussit
366 3471 481 3524 turrem
504 3462 639 3546 ligneam
657 3462 883 3545 oppidanorum
905 3461 1083 3536 incendere3
1110 3460 1143 3522 id

137 3544 307 3630 tlsecisset,
327 3553 356 3616 ci
373 3577 407 3618 se
424 3555 567 3639 promisit
585 3554 689 3618 omnia
706 3577 936 3618 concessurum.
982 3554 1065 3635 quod
1083 3553 1143 3616 ‹tif-

137 3640 204 3711 fieile
221 3657 287 3711 erat
304 3646 404 3725 factu,
431 3658 465 3712 ut
483 3671 552 3712 eam
571 3657 685 3711 turrem
705 3649 771 3712 sine
794 3647 930 3733 periculo
952 3648 1021 3729 quis
1040 3647 1144 3709 incen-

134 3737 218 3806 deret.
245 3742 289 3806 ita
307 3740 405 3807 ‘fune
423 3764 511 3807 crure
530 3743 569 3806 de
587 3740 695 3827 ligno*
714 3764 785 3805 curn
803 3742 930 3826 propius
949 3740 1141 3815 accessisset,

130 3833 165 3898 ab
182 3835 345 3919 oppidanis
364 3847 412 3900 est
429 3837 561 3901 occisus.
590 3837 699 3899 cadem
714 3847 804 3899 nocte
818 3835 979 3919 transfuga
994 3832 1144 3897 nuntiavit

128 3925 310 4013 Pompeium
332 3938 364 3992 et
380 3929 560 3993 Labienum
581 3929 620 3992 de
643 3929 832 4014 iugulationc
855 3928 1080 4013 oppidanorum
1098 3926 1144 3988 in-

126 4022 268 4109 dignatos
290 4044 369 4086 esse.
414 4023 521 4107 vigilia
544 4023 681 4086 secunda
703 4033 827 4106 propter
848 4020 1077 4084 multitudinem
1101 4030 1144 4082 te·
1166 4044 1193 4088 ru

124 4114 224 4180 lorum
246 4117 338 4181 turris
361 4117 479 4203 lignea,
507 4139 586 4200 quae
608 4129 714 4180 nostra
736 4117 859 4191 fuisset,
888 4115 927 4179 ab
951 4115 1013 4177 imo
1036 4114 1143 4177 vitium

123 4210 197 4275 fecit
219 4233 320 4293 usque
346 4212 386 4274 ad
414 4211 585 4275 tabulatum
613 4211 783 4275 secundum
805 4220 836 4273 et
858 4209 991 4273 tertium.
1036 4208 1144 4273 eodem

124 4315 262 4389 ternpore
279 4326 336 4388 pro
354 4328 444 4369 muro
462 4316 641 4390 pugnarunt
663 4305 810 4367 acerrime
829 4316 859 4367 ct
882 4303 989 4366 turrim
1007 4312 1144 4367 nostram

124 4408 158 4463 ue
174 4399 366 4483 superiorem
384 4399 600 4475 incenderunt,
619 4399 733 4462 ideirco
752 4399 835 4480 qnotl
854 4407 980 4460 ventum
999 4396 1144 4481 oppidani

125 4492 296 4557 secundum
323 4492 506 4556 habuerunt.
552 4493 726 4574 insequenti
753 4492 821 4554 luce
848 4490 1079 4555 materfamilias
1105 4490 1144 4552 de

126 4607 213 4650 muro
230 4610 265 4651 se
284 4587 408 4664 deiecit,
433 4589 473 4652 ad
491 4610 548 4651 nos
567 4587 708 4651 transiliit
728 4587 866 4667 dixitque
885 4607 918 4648 se
938 4607 1007 4648 curn
1026 4581 1145 4647 familia
