2738 5272
294 716 356 782 322
597 726 713 783 BELLI
731 727 1002 786 ALEXANDRINI

292 852 466 917 virilitatem
483 851 644 916 restituere
661 872 768 935 possc;
786 851 870 934 quod
888 851 1012 934 quidem
1031 851 1231 936 supplicium
1250 876 1324 940 gra-

290 946 360 1010 vius
378 955 476 1009 morte
494 944 578 1008 cives
591 943 725 1008 Romani
742 943 908 1008 subissent.
935 944 1037 1008 Ponto
1055 966 1130 1010 vero
1149 946 1323 1012 decederet

291 1039 455 1103 confestim
477 1037 672 1121 familiasque
693 1037 930 1123 publicanorum
950 1038 1121 1103 remitteret
1146 1052 1322 1124 ceteraque

290 1133 463 1197 restitueret
481 1131 573 1196 sociis
591 1131 772 1215 civibusque
786 1131 946 1207 Romanis,
965 1153 1045 1214 quae
1061 1153 1162 1217 penes
1178 1156 1257 1198 eum
1272 1157 1321 1199 es·

291 1237 367 1290 sent.
412 1227 439 1290 si
457 1225 595 1301 fecisset,
613 1224 675 1288 iam
693 1235 766 1288 tune
785 1225 844 1289 sibi
861 1226 996 1290 mitteret
1014 1248 1145 1290 munera
1163 1249 1202 1291 ae
1222 1229 1318 1306 dona,

289 1341 369 1402 qnae
395 1319 474 1384 bene
499 1317 592 1382 rebus
618 1318 715 1403 gestis
741 1319 941 1403 imperatores
967 1317 1007 1383 ab
1033 1319 1142 1383 amicis
1171 1322 1320 1407 accipere

290 1423 501 1480 consuessent.
545 1412 669 1476 miserat
695 1413 777 1475 enim
799 1413 976 1477 Pharnaces
1003 1435 1150 1478 eoronam
1174 1437 1317 1479 auream.

242 1531 270 1576 rr
290 1508 339 1571 his
356 1507 514 1592 responsis
535 1506 616 1569 datis
637 1507 757 1592 legatos
779 1507 906 1570 remisit.
950 1518 982 1571 at
999 1506 1181 1572 Pharnaces
1200 1507 1319 1574 libera·

289 1602 358 1666 liter
370 1602 474 1665 omnia
485 1599 648 1685 pollicitus,
668 1623 738 1665 cum
752 1600 949 1665 festinantem
964 1623 1000 1664 ao
1015 1599 1318 1685 'praecurrentem'

291 1696 459 1760 Caesarem
485 1706 621 1779 speraret
646 1693 791 1759 libentius
818 1694 911 1759 etiam
937 1695 1124 1758 crediturum
1149 1696 1220 1760 suis
1245 1719 1319 1782 pro-

289 1790 406 1866 missis,
425 1811 518 1871 quam
535 1810 585 1852 res
603 1799 771 1872 pateretur,
796 1811 858 1872 quo
877 1787 1007 1853 celerius
1026 1789 1260 1873 honestiusque
1278 1791 1318 1855 ad

288 1905 338 1947 res
360 1883 460 1968 magis
487 1882 679 1946 necessarias
704 1882 951 1966 proficisceretur
976 1883 1106 1964 (nemini
1132 1884 1221 1947 enirn
1252 1895 1320 1950 erat

288 1979 429 2063 ignotum
447 1977 586 2061 plurimis
604 1977 643 2040 de
661 1977 763 2040 causis
782 1977 822 2040 ad
839 1977 947 2041 urbem
962 1976 1129 2042 Caesarem
1143 1981 1319 2061 revocari).

287 2071 400 2134 lentius
417 2092 518 2155 agere,
538 2069 708 2134 decedendi
724 2070 806 2133 diem
821 2072 975 2154 postulare
989 2071 1174 2156 longiorem,
1194 2075 1321 2158 pactio-

288 2186 343 2228 nes
357 2164 558 2247 interponere,
577 2163 609 2226 in
623 2185 746 2228 summa
757 2163 898 2227 frustrari
912 2165 1022 2249 eoepit.
1050 2164 1172 2229 Caesar
1185 2169 1321 2253 cognita

250 2333 251 2336 Ἴ
288 2256 454 2321 ealliditate
479 2256 628 2334 hominis,
654 2257 738 2340 quod
764 2256 832 2320 aliis
860 2258 1049 2342 temporibus
1070 2273 1186 2323 natura
1209 2260 1321 2326 facere

287 2360 459 2426 consuerat,
477 2361 551 2414 tunc
568 2351 751 2414 necessitate
769 2349 842 2414 fecit
859 2352 1021 2428 adductus,
1041 2363 1074 2415 ut
1091 2351 1228 2419 celerius
1250 2378 1321 2419 om-

239 2464 269 2510 72
287 2445 373 2508 nium
396 2444 539 2528 opinione
561 2467 687 2508 manum
709 2456 892 2509 consereret.
937 2445 1013 2509 Zela
1035 2456 1082 2509 est
1105 2447 1268 2529 oppidum
1287 2450 1321 2512 in

287 2537 398 2614 Ponto,
417 2538 552 2622 positum
570 2539 682 2623 ipsum,
701 2548 735 2601 ut
751 2538 784 2601 in
800 2538 906 2621 plano,
926 2538 993 2602 loco
1012 2538 1086 2602 satis
1104 2540 1248 2605 munito:
1270 2555 1322 2606 tu-

287 2631 389 2695 mulus
408 2631 490 2694 enim
507 2631 655 2696 naturalis
673 2631 768 2696 veluti
786 2655 880 2695 manu
902 2631 1003 2696 faetus
1026 2631 1200 2697 excelsiore
1220 2636 1318 2699 undi-

285 2748 347 2807 que
364 2725 490 2811 fastigio
509 2727 640 2789 sustinet
658 2748 790 2789 murum.
835 2726 1043 2809 circumpositi
1067 2737 1139 2789 sunt
1157 2726 1238 2792 huie
1259 2753 1320 2814 op-

285 2819 360 2903 pido
386 2820 491 2904 magni
521 2819 670 2901 multique
701 2818 836 2882 intercisi
868 2819 999 2882 vallibus
1026 2818 1135 2894 eolles;
1173 2843 1319 2904 quorum

286 2911 475 2975 editissimus
494 2935 590 2988 unus,
610 2913 664 2993 qui
681 2924 806 2996 propter
823 2912 983 2975 victoriam
1000 2911 1196 2976 Mitlnidatis
1216 2927 1250 2978 et
1270 2917 1320 2980 in·

285 3003 462 3067 felicitatem
486 3003 586 3067 Triari
608 3005 885 3087 detrimentumque
909 3006 1060 3069 exercitus
1087 3008 1187 3069 nostri
1217 3031 1319 3094 supe·

284 3096 415 3160 rioribus
441 3097 516 3160 loeis
544 3109 635 3179 atque
661 3098 821 3162 itineribus
847 3119 946 3182 paene
974 3099 1154 3161 coniunctus
1190 3103 1316 3186 oppido

284 3211 429 3272 magnam
448 3189 480 3251 in
497 3190 556 3253 illis
575 3191 714 3273 partibus
732 3191 825 3255 habet
843 3190 1033 3255 nobilitatem
1051 3214 1107 3255 nec
1121 3193 1225 3258 multo
1243 3195 1316 3260 lon·

284 3281 355 3365 gius
369 3281 493 3346 milibus
507 3305 657 3366 passuum
671 3284 723 3348 111
732 3284 821 3349 abest
834 3283 873 3348 ab
884 3283 968 3348 Zela.
997 3284 1078 3348 hunc
1092 3285 1196 3349 locum
1208 3287 1317 3353 Phar-

284 3396 376 3438 naces
387 3376 541 3441 veteribus
556 3389 753 3461 paternorum
764 3378 899 3442 felicium
910 3390 1080 3443 castrorum
1094 3379 1224 3445 refectis
1235 3405 1316 3467 ope-

236 3489 264 3536 7³
284 3467 369 3532 ribus
388 3469 484 3554 copiis
504 3471 567 3535 suis
586 3472 729 3537 omnibus
744 3473 914 3556 occupavit.
943 3471 1145 3536 Caesareum
1159 3473 1203 3538 ab
1218 3475 1315 3541 hoste

283 3561 368 3626 milia
388 3585 537 3647 passuum
560 3563 591 3627 V
613 3575 714 3629 castra
736 3565 891 3650 posuisset
913 3566 1091 3648 videretque
1118 3588 1171 3629 eas
1197 3568 1313 3643 valles,

282 3655 395 3738 quibus
409 3658 495 3742 regia
508 3668 609 3722 castra
622 3660 821 3734 munirentur,
836 3659 945 3722 eodem
959 3659 1120 3723 intervallo
1134 3674 1314 3729 anacastra

283 3749 468 3826 munituras,
493 3752 518 3815 si
537 3753 629 3815 modo
648 3775 684 3816 ea
702 3753 771 3816 loca
788 3752 893 3816 hostes
911 3754 1029 3836 priores
1053 3776 1113 3816 uon
1132 3755 1311 3838 cepissent,

282 3865 362 3925 quae
380 3844 477 3907 multo
495 3857 581 3909 erant
598 3846 742 3929 propiora
758 3847 841 3931 rogis
859 3847 979 3922 castris,
998 3869 1145 3932 aggerem
1160 3870 1314 3935 compor-

282 3937 340 4000 tari
357 3937 442 4001 iubet
459 3938 539 4002 intra
557 3940 754 4003 munitiones.
795 3963 856 4022 quo
874 3940 1013 4005 celeriter
1030 3941 1142 4005 collato
1160 3946 1312 4026 proxima

281 4041 371 4094 nocte
389 4031 496 4116 vigilia
512 4047 622 4114 quarta
639 4032 813 4118 legionibus
833 4033 977 4096 omnibus
1000 4034 1152 4118 expeditis
1171 4036 1312 4121 impedi-

282 4125 454 4207 mentisque
472 4126 504 4188 in
522 4127 631 4191 castris
648 4127 762 4192 relictis
781 4128 879 4211 prima
897 4128 965 4191 luce
983 4151 1083 4210 neque
1102 4129 1310 4212 opinantibus

281 4216 422 4283 hostibus
445 4241 515 4283 eum
534 4221 637 4305 ipsam
655 4220 758 4286 loeum
776 4223 870 4306 cepit,
898 4222 930 4284 in
952 4245 1013 4305 quo
1031 4221 1235 4289 Mithridates
1260 4251 1312 4291 se·

282 4310 418 4374 eundum
435 4313 586 4395 proelium
605 4315 754 4380 adversus
773 4314 926 4379 Triarium
945 4316 1069 4379 fecerat.
1097 4315 1159 4378 huo
1178 4338 1311 4385 omnem

282 4415 507 4489 comportatum
529 4432 675 4494 aggerem
698 4432 736 4473 ex
760 4410 868 4473 castris
896 4411 1021 4474 servitia
1047 4421 1174 4494 agerent
1202 4413 1309 4492 iussit,

280 4519 321 4559 ne
337 4498 407 4580 quis
425 4499 465 4562 ab
484 4523 575 4585 opere
589 4503 677 4567 miles
691 4503 872 4578 discederet,
891 4524 962 4566 curn
976 4503 1076 4586 spatio
1090 4526 1153 4566 non
1167 4507 1310 4592 amplius
