2692 5206
470 799 590 859 consa
606 800 687 858 vm.
706 800 828 857 tta-37.
1096 787 1158 854 169

122 947 252 1013 magna
277 923 370 1010 eopia
394 922 541 990 frumenti
566 933 746 1011 comparata
772 924 937 990 considunt
958 924 1105 1011 Drappes
1127 935 1196 991 etas

123 1019 304 1085 Lucterius
322 1041 385 1083 non
401 1018 526 1105 longius
544 1018 584 1083 ab
602 1019 717 1105 oppido
735 1019 772 1083 X
789 1019 931 1098 milibus,
949 1019 1032 1086 unde
1049 1019 1158 1105 paula·

125 1114 189 1178 tim
211 1113 405 1178 frumentum
426 1113 460 1177 in
480 1113 631 1199 oppidum
657 1123 883 1199 supportarent.
932 1113 993 1199 ipsi
1017 1114 1098 1180 inter
1123 1137 1158 1181 se

126 1207 311 1293 provincias
324 1207 513 1292 partiuntur:
531 1206 678 1292 Drappes
693 1208 803 1272 castris
816 1207 972 1294 praesidio
986 1228 1057 1274 cum
1069 1218 1158 1294 parte

129 1301 295 1386 copiarum
312 1300 438 1378 restitit3
459 1301 628 1366 Lucterius
647 1324 760 1386 agmen
781 1302 990 1367 iumentorum
1012 1302 1052 1367 ad
1070 1303 1159 1388 oppi-

130 1395 211 1459 dum
232 1395 328 1460 ducit.
375 1394 535 1480 dispositis
558 1394 603 1458 ibi
624 1396 786 1480 praesidiis
808 1395 886 1461 hora
911 1396 1011 1461 noctis
1037 1395 1159 1461 circiter

132 1489 258 1554 decima
274 1488 469 1554 silvestribus
487 1490 691 1576 angustisque
708 1489 870 1556 itineribus
892 1489 1083 1556 frumentum
1100 1490 1159 1555 im-

134 1594 260 1669 portare
284 1583 319 1648 in
344 1583 494 1669 oppidum
516 1584 657 1648 instituit.
701 1606 834 1667 quorum
857 1584 1020 1670 strepitum
1045 1584 1157 1670 vigiles
1266 1642 1269 1648 .

137 1689 310 1744 castrorum
335 1700 408 1743 eum
433 1678 617 1756 sensissent,
649 1680 922 1764 exploratoresque
946 1679 1050 1758 missi,
1077 1700 1158 1764 quac

138 1782 330 1857 gererentur,
351 1773 594 1850 renuntiassent,
619 1772 770 1838 Caninius
793 1773 933 1839 celeriter
955 1795 1028 1839 curn
1049 1773 1158 1839 cohor-

140 1865 218 1932 tibus
245 1866 373 1931 armatis
400 1888 440 1930 ex
465 1867 615 1952 proximis
642 1867 776 1932 castellis
799 1868 831 1932 in
853 1867 1072 1933 frumentarios
1098 1866 1158 1933 sub

143 1959 237 2045 ipsam
253 1961 357 2025 lucem
378 1961 529 2047 impetum
551 1961 634 2025 feeit
678 1962 701 2025 ii
722 1962 884 2047 repentino
906 1962 989 2028 malo
1006 1962 1159 2049 perterriti

146 2053 304 2141 diffugium
316 2055 357 2119 ad
371 2077 429 2119 sua
442 2055 611 2140 praesidia3
629 2077 710 2138 quae
723 2055 822 2121 nostri
835 2065 870 2119 ut
882 2056 1036 2134 viderunt,
1055 2057 1158 2122 acrius

150 2159 243 2214 eontra
258 2160 397 2214 armatos
414 2148 533 2214 incitati
550 2150 706 2214 neminem
720 2171 760 2214 ex
773 2172 810 2215 eo
824 2172 953 2215 numero
967 2150 1075 2215 vivum
1088 2149 1158 2236 capi

151 2243 303 2324 patiuntur.
351 2242 491 2328 profugit
515 2242 589 2307 inde
615 2265 687 2308 cum
712 2243 821 2328 paucis
843 2244 1012 2309 Lucterius
1038 2265 1097 2310 nec
1123 2265 1158 2310 se

154 2334 244 2422 recipit
259 2337 294 2402 in
311 2347 423 2402 castra.
449 2360 482 2402 re
499 2336 580 2404 bene
597 2347 688 2424 gesta
702 2336 854 2404 Caninius
872 2361 912 2403 ex
929 2338 1060 2425 captivis
1074 2360 1159 2404 com·
1176 2357 1208 2407 36

156 2431 217 2511 perit
238 2440 360 2517 partem
385 2431 545 2517 copiarum
571 2454 642 2496 cum
664 2431 825 2518 Drappete
851 2455 922 2498 esse
948 2433 982 2497 in
1007 2433 1117 2498 castris
1139 2456 1159 2497 a

158 2520 261 2590 milibus
277 2525 372 2610 longe
390 2547 454 2590 non
475 2525 609 2610 amplius
627 2525 708 2589 XII.
753 2548 816 2609 qua
832 2549 866 2591 rc
885 2549 924 2591 ex
945 2525 1158 2611 compluribus

160 2619 273 2701 agnita,
300 2639 373 2683 cum
394 2618 588 2703 intellegeret
613 2619 723 2704 fugato
750 2620 830 2684 duee
856 2620 953 2684 altero
979 2621 1158 2704 perterritos

159 2707 270 2795 reliquos
300 2711 394 2776 facilc
424 2712 559 2797 opprimi
587 2735 696 2798 posse,
731 2735 865 2799 magnac
900 2713 1057 2778 felicitatis
1088 2734 1159 2777 esse

161 2800 342 2871 arbitrabatur
359 2806 515 2871 neminem
532 2828 572 2871 cx
589 2807 685 2872 caede
702 2806 858 2893 refugisse
875 2807 909 2871 in
922 2817 1033 2884 eastra,
1051 2806 1106 2889 qui
1119 2806 1160 2871 de

161 2908 263 2984 accepta
288 2899 465 2965 calamitate
489 2900 634 2965 nuntium
655 2900 810 2986 Drappeti
836 2901 995 2985 perferret.
1044 2899 1101 2965 sed
1127 2899 1160 2963 in

161 2993 327 3076 experiundo
343 3015 417 3058 eum
433 2995 606 3080 periculum
623 2995 744 3059 nullum
761 2994 889 3072 videret,
908 2994 1080 3077 equitatum
1093 3015 1160 3058 om-

160 3102 211 3151 nen
227 3084 465 3171 Germanosque
485 3089 621 3173 pedites,
648 3111 790 3154 summae
812 3088 984 3153 velocitatis
1006 3087 1158 3164 homines,

88 3174 90 3187 '
160 3176 298 3246 adcastra
315 3181 452 3246 hostium
469 3183 652 3267 praemittit;
671 3183 739 3268 ipsc
752 3182 909 3268 legionem
921 3204 1016 3246 unam
1028 3181 1062 3246 in
1079 3180 1160 3246 trina

159 3285 240 3341 naba
259 3275 430 3355 distribuit,
458 3277 587 3342 alteram
609 3300 717 3342 secum
739 3278 916 3363 expeditam
942 3277 1037 3341 ducit.
1087 3298 1160 3341 cum

156 3370 265 3455 propius
282 3370 384 3437 hostis
401 3372 601 3449 accessisset,
624 3371 665 3436 ab
683 3369 945 3457 exploratoribus,
968 3392 1048 3455 quos
1069 3392 1160 3456 prae-

155 3461 273 3542 miserat,
292 3466 454 3552 cognoscit
471 3476 574 3531 castra
592 3488 713 3541 eorum,
731 3476 766 3529 ut
784 3465 985 3530 barbarorum
1003 3465 1069 3529 fere
1086 3487 1160 3529 eon-

154 3559 271 3625 nendo
291 3570 355 3637 est,
380 3559 496 3624 relictis
517 3559 595 3625 locis
622 3560 833 3645 superioribus
855 3559 896 3623 ad
917 3559 1001 3644 ripas
1023 3558 1159 3623 fluminis

152 3668 210 3718 esse
225 3654 377 3731 demissa;
395 3663 427 3718 at
441 3651 617 3719 Germanos
636 3655 818 3738 equitesque
830 3652 1080 3739 imprudentibus
1094 3673 1161 3715 om-

148 3743 230 3814 nibus
254 3747 297 3812 de
322 3747 493 3833 improviso
518 3748 683 3813 advolasse
712 3748 925 3833 proeliumque
956 3745 1160 3811 commisisse.

146 3858 202 3923 qua
215 3862 251 3907 re
268 3841 396 3928 cognita
411 3841 567 3928 legionem
589 3853 740 3907 armatam
758 3842 1001 3924 instructamque
1024 3839 1160 3904 adducit.

145 3931 184 3999 ita
197 3948 327 4022 repente
343 3936 490 4002 omnibus
508 3959 548 4001 ex
564 3937 705 4023 partibus
720 3937 810 4023 signo
825 3936 897 4001 dato
915 3935 984 4000 loca
1002 3934 1162 4020 superiora

142 4028 312 4115 capiuntur.
357 4030 442 4114 quod
463 4031 517 4096 ubi
534 4031 661 4109 accidit,
689 4028 840 4096 Germani
861 4029 1043 4113 equitesque
1062 4027 1160 4115 signis

140 4120 270 4211 legionis
287 4124 366 4190 visis
387 4124 660 4190 vehementissime
682 4125 881 4210 proeliantur.
925 4122 1091 4188 confestim
1109 4145 1161 4188 co-

138 4215 242 4284 bortes
254 4219 395 4303 undique
407 4219 559 4304 impetum
573 4219 691 4284 faciunt
704 4218 911 4301 omnibusque
924 4227 979 4282 aut
991 4216 1161 4282 interfectis

137 4321 192 4377 aut
208 4314 310 4400 captis
327 4336 444 4400 magna
456 4313 572 4398 praeda
585 4314 753 4398 potiuntur.
780 4313 900 4398 eapitur
912 4312 981 4397 ipse
994 4334 1031 4377 co
1044 4311 1162 4397 proelio

135 4402 296 4493 Drappes.
342 4407 495 4474 Caninius
516 4408 697 4474 felicissime
718 4431 752 4473 re
774 4417 865 4494 gesta
886 4407 953 4472 sine
975 4407 1039 4473 ullo
1060 4430 1160 4494 paene
1179 4428 1211 4474 37

134 4501 244 4568 militis
261 4503 391 4568 vulnere
413 4504 455 4568 ad
476 4502 665 4568 obsidendos
684 4504 857 4590 oppidanos
879 4503 1044 4567 revertitur
1060 4512 1161 4567 exter-

133 4618 241 4683 noque
258 4596 351 4666 hoste
368 4597 484 4677 deleto,
508 4597 597 4664 cuius
615 4598 724 4664 timore
742 4609 834 4664 antea
851 4596 989 4664 dividere
1006 4596 1162 4681 praesidia
