2692 5206
494 766 621 822 oarur
639 765 758 820 rr-ao.
1074 752 1138 819 833

114 915 186 958 suas
210 891 364 977 recipiunt
385 890 582 954 munitiones.
626 889 762 971 itemque
788 886 957 953 adversarii
980 891 1060 955 male
1086 912 1139 956 ae·

112 987 196 1072 cepti
214 998 282 1050 tmn
299 985 426 1048 demum
444 1006 479 1048 se
493 984 533 1048 ad
547 1007 604 1047 sua
616 981 771 1069 praesidia
783 981 988 1048 contulerunt.
1015 985 1138 1050 interim
1158 1007 1188 1053 rs

112 1102 146 1144 ea
165 1103 204 1144 re
226 1088 318 1165 gesta
339 1088 371 1141 et
392 1077 510 1162 proelio
533 1078 686 1161 dirempto
709 1097 748 1139 ex
770 1075 955 1140 adversariis
972 1078 1139 1165 perfugere

112 1174 220 1256 plures
244 1195 284 1235 ex
301 1172 386 1236 omni
403 1193 518 1256 genere
540 1171 716 1245 hominum,
743 1180 774 1233 et
796 1180 956 1254 praeterea
977 1171 1139 1257 intercepti

112 1263 284 1352 [bostium]
303 1265 478 1350 complures
496 1264 616 1348 equites
633 1264 825 1349 peditesque.
853 1263 1019 1347 exquibus
1032 1265 1139 1352 cogni-

110 1378 176 1425 tum
199 1372 249 1425 est
266 1360 431 1424 consilium
450 1359 602 1435 hostium,
629 1380 683 1422 eos
705 1358 765 1422 hac
783 1367 885 1421 mente
907 1377 938 1423 et
955 1370 1069 1424 conatu
1085 1381 1139 1423 ve-

107 1456 209 1530 nisse,
228 1455 275 1518 uti
293 1476 374 1518 novo
391 1464 485 1537 atquc
502 1454 650 1517 inusitato
663 1474 778 1538 genere
791 1452 899 1536 proelii
912 1453 1028 1518 tirones
1041 1453 1140 1540 legio-

107 1549 192 1614 narii
218 1547 374 1632 paucique
400 1545 570 1632 perturbati
593 1545 739 1610 Curionis
766 1545 910 1631 exemplo
937 1546 977 1611 ab
1000 1548 1138 1632 equitatu

106 1642 320 1709 circumventi
342 1641 603 1726 opprimerentur,
630 1650 661 1704 et
683 1641 727 1704 ita
744 1638 922 1704 Labienum
943 1641 1061 1705 dixisse
1082 1663 1139 1726 pro

106 1737 269 1813 contione,
288 1746 406 1800 tantam
424 1757 493 1799 sese
512 1735 738 1798 multitudinem
757 1734 939 1799 auxiliorum
954 1735 1139 1800 adversariis

106 1831 447 1906 sumministraturum,
466 1840 501 1893 ut
518 1829 612 1893 etiam
630 1830 787 1894 caedendo
804 1830 836 1893 in
854 1830 923 1914 ipsa
941 1830 1069 1895 victoria
1085 1830 1140 1894 de·

106 1925 240 2011 fatigati
257 1924 453 1987 vincerentur
470 1933 563 2005 atque
581 1947 601 1986 a
618 1923 684 1986 suis
702 1935 934 2008 superarentur,
953 1925 1068 2010 quippe
1086 1923 1139 2009 qui

106 2018 140 2084 in
162 2018 293 2083 illorum
311 2031 338 2082 .’.
358 2017 419 2081 sibi
441 2017 622 2093 confideret,
645 2017 794 2102 primum,
817 2017 901 2101 quod
919 2019 1059 2082 audierat
1075 2016 1140 2082 Ro-

106 2134 183 2178 mae
203 2111 344 2197 legiones
363 2122 526 2175 veteranas
544 2110 709 2174 dissentire
731 2133 832 2195 neque
850 2111 881 2175 in
899 2109 1041 2176 Africam
1060 2110 1139 2176 velle

106 2205 263 2282 monsire3
285 2204 411 2280 deinde,
434 2204 519 2287 quod
536 2204 668 2268 triennio
691 2205 723 2268 in
740 2203 852 2270 Africa
869 2228 943 2270 suos
960 2205 1075 2270 milites
1092 2226 1141 2270 re-

106 2309 219 2366 tentos
246 2297 469 2362 consuetudine
494 2297 604 2361 fideles
632 2297 692 2363 sibi
718 2299 780 2362 iam
807 2299 977 2376 effecisset,
1003 2299 1141 2364 maxima

106 2405 221 2460 sutem
239 2392 355 2456 auxilia
372 2391 501 2455 haberet
514 2391 720 2456 Numidarum
734 2393 873 2476 equitum
887 2394 1027 2476 levisque
1040 2416 1141 2457 arma-

106 2497 213 2563 turae,
232 2495 392 2570 praeterea
406 2507 446 2549 ex
459 2486 536 2571 fuga
545 2486 724 2570 proelioque
733 2486 925 2571 Pompeiano
937 2483 1139 2572 [Labienus],

106 2602 195 2666 quos
214 2602 321 2644 secum
340 2604 359 2643 a
372 2579 540 2644 Brundisio
554 2590 817 2664 transportaverat
830 2581 949 2663 equites
965 2577 1140 2645 Germanos

106 2674 290 2757 Gallosque
312 2674 417 2757 ibique
439 2685 548 2758 postea
570 2696 609 2738 cx
631 2675 775 2751 hibridis,
803 2673 953 2739 libertinis
980 2674 1141 2758 servisque

106 2768 353 2853 conscripserat,
372 2778 553 2845 armaverat,
569 2768 614 2831 uti
623 2769 743 2832 frenato
752 2768 966 2844 condocuerat,
981 2777 1141 2853 praeterea

106 2864 204 2950 regia
225 2862 342 2927 auxilia
364 2862 535 2948 elephantis
559 2861 663 2927 CXX
680 2862 863 2946 equitesque
886 2859 1138 2936 innumerabiles,

106 2957 229 3024 deinde
246 2956 386 3041 legiones
404 2955 596 3040 conscriptas
615 2979 654 3020 cx
676 2957 914 3040 cuiusquemodi
931 2955 1056 3042 generis
1074 2977 1140 3020 am-

106 3052 199 3137 plius
220 3049 294 3114 XII
316 3048 450 3114 milibus.
495 3049 554 3114 hac
577 3072 633 3134 spo
660 3061 753 3133 atquc
775 3049 905 3114 audacia
930 3049 1140 3114 inflammatus

106 3143 280 3210 Labienus
298 3165 370 3207 cum
394 3142 549 3226 equitibus
570 3141 670 3209 Gallis
690 3142 918 3227 Germanisque
936 3141 1053 3221 MDC,
1075 3141 1141 3208 Nu-

106 3238 271 3303 midarum
302 3237 369 3302 sine
400 3238 496 3303 frenis
523 3237 590 3302 VH
620 3237 760 3314 milibus,
792 3249 951 3324 praetcrea
975 3237 1141 3303 Petreiano

106 3330 234 3398 milio
252 3330 391 3394 adhibito
409 3330 565 3415 equitibus
584 3330 700 3408 MDO,
723 3332 864 3416 peditum
886 3355 923 3396 ac
945 3333 1023 3397 levis
1041 3355 1142 3396 arma-

106 3436 204 3490 turae
221 3436 366 3508 quartum
385 3435 480 3501 tanto,
500 3425 667 3510 sagittariis
686 3448 722 3489 ac
736 3425 945 3490 funditoribus
957 3425 1142 3510 hippotoxo-

107 3520 220 3602 risque
242 3517 469 3604 compluribus,
493 3517 542 3582 his
565 3519 663 3603 copiis
687 3518 721 3582 ΙΙ
739 3520 769 3583 d.
790 3542 862 3583 uon.
879 3518 948 3583 Ian.
966 3529 1038 3603 post
1059 3519 1141 3583 diem

106 3612 181 3689 vl,
203 3633 299 3696 quam
316 3611 460 3677 Africam
478 3612 594 3697 attigit,
617 3613 649 3676 in
667 3613 785 3697 campis
803 3612 992 3697 planissimis
1014 3612 1143 3696 purissi-

108 3706 240 3789 misque
258 3705 298 3769 ab
316 3705 393 3770 hora
410 3706 471 3769 diei
488 3706 597 3790 quinta
610 3728 709 3790 usque
723 3707 763 3770 ad
779 3706 852 3770 solis
867 3728 1013 3770 occasum
1027 3715 1075 3771 est
1088 3705 1142 3770 de-

109 3810 279 3866 certatum.
323 3800 356 3864 in
378 3822 416 3865 eo
442 3800 560 3884 proelio
584 3800 727 3865 Petreius
753 3801 891 3886 graviter
911 3799 991 3864 ictus
1014 3821 1054 3863 ex
1075 3799 1142 3864 acie

111 3892 256 3960 recessit
301 3892 420 3959 Caesar
436 3894 558 3958 interim
576 3906 678 3958 eastra
695 3895 815 3958 munire
833 3893 1027 3980 diligentius,
1054 3915 1143 3978 prac-
1161 3914 1194 3961 sn

115 3986 200 4053 sidia
211 3986 334 4051 firmare
343 3987 441 4072 copiis
455 3987 624 4054 maioribus
635 3989 814 4072 vallumque
827 3987 868 4052 ab
877 3987 991 4073 oppido
999 3987 1144 4073 Ruspina

113 4102 219 4164 usquc
237 4081 278 4145 ad
294 4103 379 4145 mare
397 4082 510 4146 ducere
527 4092 559 4145 et
576 4105 596 4146 a
612 4082 722 4146 castris
735 4082 865 4146 alterum
880 4081 1000 4156 eodem,
1019 4101 1082 4165 quo
1095 4091 1144 4147 tu·

115 4174 181 4239 tius
200 4173 281 4239 ultro
298 4175 436 4258 citroque
454 4197 628 4240 commeare
646 4175 823 4259 auxiliaque
841 4175 908 4239 sine
925 4173 1065 4259 periculo
1083 4173 1143 4241 sibi
1235 4176 1238 4186 '

117 4289 299 4334 succurrere
318 4280 456 4354 possent,
475 4269 537 4334 tela
554 4281 767 4353 tormentaque
785 4267 974 4338 ernavibus
991 4268 1024 4333 iu
1041 4283 1144 4334 castra

119 4374 328 4447 comportare,
350 4364 504 4449 remigum
522 4376 642 4449 partem
661 4386 700 4428 ex
718 4364 833 4440 classe,
857 4361 1035 4441 Gallorum,
1056 4362 1143 4429 Rho·

120 4454 254 4532 diorum,
282 4456 537 4541 epibatarumque
556 4481 675 4522 armare
693 4471 723 4522 et
742 4459 774 4522 in
792 4468 894 4522 castra
916 4479 1060 4535 ovooarc,
1087 4458 1142 4534 uti,

124 4546 151 4610 si
165 4560 285 4634 posset,
312 4550 422 4615 eadem
439 4551 571 4629 ratione,
599 4575 661 4636 qua
678 4553 860 4630 adversarii,
888 4552 965 4618 levis
987 4561 1143 4617 annatura
