2692 5206
488 779 606 836 COMM.
626 781 676 834 111.
696 781 780 836 4-8.
1100 767 1144 829 45

123 904 306 971 facultatem
322 904 508 989 relinquunt.
552 904 596 969 ita
613 914 801 969 commutata
819 903 942 969 fortuna
959 926 1023 982 cos,
1042 903 1144 987 quiin

123 1022 213 1085 spem
231 1000 450 1085 potiundorum
473 1009 644 1064 castrorum
666 1009 827 1076 venerant,
854 999 991 1083 undiquc
1014 999 1145 1063 circum·

123 1103 234 1158 ventos
260 1094 447 1158 interficiunt
473 1104 567 1158 etex
592 1094 753 1158 hominum
778 1093 904 1158 milibus
931 1093 1064 1178 amplius
1091 1092 1145 1156 tri-

122 1189 220 1274 ginta,
239 1209 334 1271 quem
350 1209 515 1252 numerum
533 1187 734 1252 barbarorum
752 1188 792 1252 ad
810 1198 912 1252 castra
929 1187 1053 1251 venisse
1072 1208 1145 1250 con-

123 1281 241 1358 stabat,
271 1282 343 1367 plus
362 1282 451 1346 tertia
472 1293 559 1369 parte
581 1281 744 1347 interfecta
764 1282 899 1364 reliquos
917 1282 1094 1366 perterritos
1112 1281 1144 1343 in

123 1377 235 1462 fugam
252 1377 409 1440 coniciunt
431 1398 468 1440 ae
490 1399 528 1441 ne
547 1377 579 1440 in
600 1377 677 1441 locis
694 1377 821 1460 quidem
844 1376 1053 1461 superioribus
1071 1399 1145 1441 con-

123 1471 234 1535 sistere
254 1471 424 1556 patiuntur.
469 1471 514 1535 sic
540 1470 684 1536 omuibus
711 1471 848 1535 hostium
876 1471 972 1556 copiis
994 1470 1074 1535 fusis
1096 1494 1144 1534 ar-

122 1564 245 1648 misque
263 1563 367 1628 exutis
390 1586 423 1627 se
446 1565 478 1627 in
501 1581 603 1629 castra
620 1565 869 1648 munitionesque
892 1586 965 1629 suas
983 1564 1143 1649 recipiunt.

122 1682 186 1743 quo
207 1659 326 1743 proelio
348 1657 446 1735 lacte,
474 1659 558 1741 quod
581 1660 705 1743 saepius
728 1657 883 1723 fortunam
906 1668 1023 1722 tentare
1042 1651 1153 1723 Galba

122 1751 249 1816 nolebat
266 1762 360 1836 atque
378 1752 438 1816 alio
457 1775 491 1816 se
509 1753 541 1815 in
558 1751 688 1817 hiberna
705 1753 834 1817 consilio
851 1753 975 1817 venisse
997 1752 1145 1816 memine-

121 1858 184 1922 rat,
202 1845 272 1909 aliis
291 1847 463 1911 occurrisse
480 1846 574 1911 rebus
592 1847 725 1923 viderat,
744 1847 878 1910 maxime
897 1846 1044 1910 frumenti
1061 1867 1145 1910 com-

121 1949 307 2023 meatusque
324 1939 430 2023 inopia
446 1950 605 2024 permotus
623 1952 747 2027 postero
765 1941 815 2004 die
838 1939 982 2005 omnibus
1000 1939 1066 2004 cius
1084 1939 1144 2002 n'ci

120 2032 273 2097 aedificiis
291 2033 426 2097 incensis
443 2033 476 2098 in
493 2034 683 2118 provinciam
696 2035 809 2098 reverti
823 2034 989 2110 contendit,
1008 2055 1045 2098 ac
1059 2033 1144 2097 nullo

121 2127 213 2191 hoste
238 2126 422 2212 prohibente
455 2138 508 2191 aut
538 2129 596 2192 iter
626 2129 805 2193 demorante
835 2129 1023 2194 incolumem
1048 2128 1145 2213 legio-

120 2243 194 2285 nem
211 2221 245 2285 in
262 2219 436 2300 Nantuatis,
455 2222 527 2286 inde
544 2223 577 2287 in
589 2221 778 2309 Allobroges
796 2223 940 2309 perduxit
957 2222 1062 2306 ibique
1079 2222 1144 2286 hic·

121 2314 229 2379 mavit.

185 2410 249 2475 His
267 2410 361 2475 rebus
379 2412 476 2497 gestis
495 2434 567 2477 cum
585 2412 729 2477 omnibus
749 2413 905 2479 decausis
921 2411 1144 2499 Caesarpaca-
1164 2431 1177 2476 τ

119 2517 186 2569 tam
204 2502 342 2570 Galliam
360 2505 564 2583 existimaret,
589 2508 741 2593 superatis
759 2507 883 2592 Belgis,
907 2508 1046 2592 expulsis
1066 2505 1145 2572 Ger-

118 2599 233 2676 manis,
251 2599 343 2664 victis
360 2599 392 2663 in
409 2599 546 2686 Alpibus
562 2599 709 2679 Scdunis,
728 2614 821 2685 atque
839 2603 883 2668 ita
900 2603 976 2667 inita
993 2603 1095 2666 hieme
1112 2604 1144 2666 iu

118 2694 284 2778 Illyricum
299 2694 459 2779 profectus
478 2705 570 2771 essct,
588 2697 673 2778 quod
691 2720 744 2760 cas
762 2718 886 2779 quoquc
903 2696 1044 2760 nationes
1058 2697 1143 2759 adiro

118 2798 151 2851 et
169 2787 315 2873 regiones
333 2810 522 2874 cognoscere
540 2788 678 2866 volebat,
702 2789 839 2853 subitum
857 2789 973 2853 bellum
991 2790 1023 2852 in
1042 2787 1146 2852 Gallia

119 2893 264 2945 coortum
286 2892 343 2945 est.
389 2883 456 2946 eius
479 2881 552 2947 belli
574 2883 652 2947 hacc
670 2883 729 2946 fuit
751 2905 855 2946 causa.
899 2882 1031 2947 Publius
1051 2882 1146 2946 Cras-

119 2996 177 3038 sus
195 2974 379 3040 adulescens
398 2991 470 3039 cunr
488 2976 609 3062 legione
624 2978 757 3061 septima
769 2977 929 3061 proximus
944 2999 1028 3041 mare
1043 2974 1146 3041 Occa-

118 3091 198 3132 num
220 3069 253 3132 in
274 3067 421 3135 Andibus
444 3071 602 3136 hiemaret.
647 3073 689 3149 is,
716 3073 801 3155 quod
818 3072 851 3135 in
873 3071 921 3136 his
943 3071 1019 3136 locis
1041 3072 1146 3156 inopia

118 3163 271 3227 frumenti
293 3174 371 3240 crat,
398 3164 573 3249 praefectos
596 3165 797 3250 tribunosque
815 3166 947 3230 militnm
970 3167 1144 3251 complures

119 3258 154 3320 in
167 3256 315 3321 finitimas
330 3258 470 3323 civitates
484 3259 632 3323 frumenti
645 3269 898 3343 commeatusque
911 3260 1036 3344 petendi
1050 3282 1146 3324 causa

119 3349 256 3426 dimisit3
279 3351 392 3432 quoin
408 3375 538 3417 numero
555 3364 621 3418 erat
639 3353 729 3417 Titus
749 3353 960 3430 Terrasidius,
979 3354 1094 3419 missus
1113 3355 1145 3417 in

119 3443 273 3520 Esubios,
292 3444 421 3510 Marcus
440 3446 573 3511 Trebius
593 3445 704 3513 Gallus
723 3449 755 3512 in
774 3447 987 3525 Curiosolitas,
1008 3448 1144 3531 Quintus

119 3536 275 3602 Velanius
298 3561 369 3602 cum
388 3540 461 3604 Tito
480 3538 557 3606 Silio
580 3542 612 3605 in
633 3541 782 3607 Venetos
827 3543 919 3606 huius
943 3554 991 3608 est
1012 3543 1145 3606 civitatis
1164 3560 1178 3606 8

122 3633 218 3718 longe
235 3633 429 3719 amplissima
451 3635 618 3700 auctoritas
641 3637 741 3700 omnis
766 3659 837 3701 orac
855 3637 1027 3700 maritimae
1045 3637 1146 3721 regio-

119 3749 199 3791 num
217 3748 337 3805 earum,
361 3729 445 3811 quod
462 3739 494 3793 ct
510 3752 606 3794 naves
624 3729 740 3794 habent
757 3730 871 3795 Veneti
892 3731 1055 3815 plurimas,
1078 3731 1147 3812 qui-

120 3821 181 3887 bus
199 3820 233 3886 in
249 3821 445 3888 Britanniam
462 3824 610 3910 navigare
628 3836 830 3901 consuerunt,
859 3837 890 3889 et
908 3825 1036 3889 scientia
1053 3835 1145 3907 atque

122 3939 182 3981 usu
204 3916 399 3981 nauticarum
420 3941 523 3982 rerum
545 3919 682 4002 reliquos
705 3919 894 3984 antecedunt
922 3919 1006 3982 etin
1031 3941 1145 4003 magno

122 4009 241 4095 impetu
258 4010 353 4076 maris
367 4023 460 4095 atque
474 4024 580 4097 aperto
594 4014 701 4098 paucis
716 4013 856 4099 portibus
871 4012 1047 4088 interiectis,
1066 4034 1145 4093 quos

121 4116 227 4169 teuent
240 4104 311 4189 ipsi,
330 4128 438 4170 omncs
452 4106 527 4181 fere,
546 4108 599 4189 qui
613 4129 650 4171 co
664 4108 743 4171 mari
756 4108 801 4171 uti
816 4117 1012 4181 consuerunt,
1031 4105 1146 4170 habent

122 4199 303 4284 vectigales.
348 4199 388 4264 ab
410 4200 459 4264 his
481 4201 516 4264 fit
533 4200 655 4264 initium
677 4202 828 4265 retinendi
849 4199 918 4266 Silii
940 4211 1033 4284 atque
1051 4200 1146 4266 Vela-

120 4291 174 4368 nii,
193 4292 279 4376 quod
296 4315 352 4378 per
368 4316 423 4358 eos
442 4318 515 4358 suos
535 4317 568 4359 se
586 4295 725 4371 obsides,
745 4318 823 4378 quos
843 4294 960 4359 Crasso
977 4296 1144 4371 dedissent,

120 4397 358 4470 recuperaturos
378 4388 606 4453 existimabant.
630 4389 742 4453 horum
760 4389 941 4453 auctoritate
956 4389 1078 4453 finitimi
1092 4390 1146 4452 ad-

120 4480 207 4544 ducti
224 4480 274 4564 (ut
292 4492 365 4546 sunt
383 4479 545 4547 Gallorum
568 4483 672 4547 subita
694 4494 725 4546 ct
746 4483 907 4568 repentina
929 4483 1070 4564 consilia)
1094 4505 1146 4546 ca·

119 4573 194 4640 dem
203 4575 243 4640 de
253 4597 349 4641 causa
357 4575 508 4641 Trebium
518 4576 793 4660 Terrasidiumque
806 4577 947 4654 retinent,
962 4587 993 4641 et
1008 4576 1146 4641 celeriter
