<?xml version="1.0" encoding="UTF-8"?>
<!DOCTYPE html PUBLIC "-//W3C//DTD XHTML 1.0 Transitional//EN"
    "http://www.w3.org/TR/xhtml1/DTD/xhtml1-transitional.dtd">
<html xmlns="http://www.w3.org/1999/xhtml" xml:lang="en" lang="en">
 <head>
  <title>
</title>
<meta http-equiv="Content-Type" content="text/html;charset=utf-8" />
  <meta name='ocr-system' content='tesseract 3.04.00' />
  <meta name='ocr-capabilities' content='ocr_page ocr_carea ocr_par ocr_line ocrx_word'/>
</head>
<body>
  <div class='ocr_page' id='page_1' title='image "./ciuliicaesarisc03krangoog_0385.png"; bbox 0 0 2692 5206; ppageno 0'>
   <div class='ocr_carea' id='block_1_1' title="bbox 499 773 1142 867">
    <p class='ocr_par' dir='ltr' id='par_1_1' title="bbox 499 773 1142 867">
     <span class='ocr_line' id='line_1_1' title="bbox 499 773 1142 867; baseline -0.008 0"><span class='ocrx_word' id='word_1_1' title='bbox 499 773 761 867; x_wconf 74' lang='lat' dir='ltr'>crearas-52.</span> <span class='ocrx_word' id='word_1_2' title='bbox 1079 797 1142 863; x_wconf 85' lang='lat'>313</span> 
     </span>
    </p>
   </div>
   <div class='ocr_carea' id='block_1_2' title="bbox 116 934 1191 4679">
    <p class='ocr_par' dir='ltr' id='par_1_2' title="bbox 116 934 1191 4679">
     <span class='ocr_line' id='line_1_2' title="bbox 116 934 1141 1018; baseline -0.005 -13"><span class='ocrx_word' id='word_1_3' title='bbox 116 949 217 1016; x_wconf 92' lang='lat' dir='ltr'>retur,</span> <span class='ocrx_word' id='word_1_4' title='bbox 241 947 296 1002; x_wconf 89' lang='lat' dir='ltr'>aut</span> <span class='ocrx_word' id='word_1_5' title='bbox 312 936 345 1000; x_wconf 91' lang='lat' dir='ltr'>in</span> <span class='ocrx_word' id='word_1_6' title='bbox 362 958 432 1000; x_wconf 90' lang='lat' dir='ltr'>reos</span> <span class='ocrx_word' id='word_1_7' title='bbox 450 935 624 1000; x_wconf 82' lang='lat' dir='ltr'>referretur.</span> <span class='ocrx_word' id='word_1_8' title='bbox 660 935 703 997; x_wconf 92' lang='lat' dir='ltr'>ita</span> <span class='ocrx_word' id='word_1_9' title='bbox 720 955 834 1018; x_wconf 76' lang='lat' dir='ltr'>magna</span> <span class='ocrx_word' id='word_1_10' title='bbox 856 934 948 997; x_wconf 89' lang='lat' dir='ltr'>etiam</span> <span class='ocrx_word' id='word_1_11' title='bbox 967 934 1141 1000; x_wconf 90' lang='lat' dir='ltr'>sollicitudo</span> 
     </span>
     <span class='ocr_line' id='line_1_3' title="bbox 117 1026 1141 1120; baseline -0.004 -23"><span class='ocrx_word' id='word_1_12' title='bbox 117 1031 326 1120; x_wconf 82' lang='lat' dir='ltr'>periculorum</span> <span class='ocrx_word' id='word_1_13' title='bbox 344 1030 385 1093; x_wconf 89' lang='lat' dir='ltr'>ad</span> <span class='ocrx_word' id='word_1_14' title='bbox 401 1029 535 1093; x_wconf 86' lang='lat' dir='ltr'>iacturas</span> <span class='ocrx_word' id='word_1_15' title='bbox 554 1037 585 1091; x_wconf 91' lang='lat' dir='ltr'>ct</span> <span class='ocrx_word' id='word_1_16' title='bbox 602 1027 785 1091; x_wconf 91' lang='lat' dir='ltr'>detrimenta</span> <span class='ocrx_word' id='word_1_17' title='bbox 797 1026 842 1090; x_wconf 89' lang='lat' dir='ltr'>rei</span> <span class='ocrx_word' id='word_1_18' title='bbox 856 1026 1016 1093; x_wconf 81' lang='lat' dir='ltr'>familiaris</span> <span class='ocrx_word' id='word_1_19' title='bbox 1031 1028 1141 1093; x_wconf 89' lang='lat' dir='ltr'>adiun-</span> 
     </span>
     <span class='ocr_line' id='line_1_4' title="bbox 117 1120 1191 1214; baseline -0.001 -24"><span class='ocrx_word' id='word_1_20' title='bbox 117 1125 259 1214; x_wconf 85' lang='lat' dir='ltr'>gebatur.</span> <span class='ocrx_word' id='word_1_21' title='bbox 296 1122 409 1206; x_wconf 88' lang='lat' dir='ltr'>quibus</span> <span class='ocrx_word' id='word_1_22' title='bbox 427 1123 466 1186; x_wconf 94' lang='lat' dir='ltr'>de</span> <span class='ocrx_word' id='word_1_23' title='bbox 484 1121 587 1186; x_wconf 89' lang='lat' dir='ltr'>causis</span> <span class='ocrx_word' id='word_1_24' title='bbox 606 1120 727 1198; x_wconf 86' lang='lat' dir='ltr'>accidit,</span> <span class='ocrx_word' id='word_1_25' title='bbox 746 1128 789 1196; x_wconf 81' lang='lat' dir='ltr'>ut,</span> <span class='ocrx_word' id='word_1_26' title='bbox 808 1141 880 1184; x_wconf 91' lang='lat' dir='ltr'>cum</span> <span class='ocrx_word' id='word_1_27' title='bbox 896 1121 1063 1207; x_wconf 82' lang='lat' dir='ltr'>Longinus</span> <span class='ocrx_word' id='word_1_28' title='bbox 1080 1123 1140 1186; x_wconf 90' lang='lat' dir='ltr'>im·</span> <span class='ocrx_word' id='word_1_29' title='bbox 1159 1143 1191 1191; x_wconf 79' lang='lat'>50</span> 
     </span>
     <span class='ocr_line' id='line_1_5' title="bbox 118 1213 1139 1305; baseline -0.003 -22"><span class='ocrx_word' id='word_1_30' title='bbox 118 1233 244 1305; x_wconf 89' lang='lat' dir='ltr'>perator</span> <span class='ocrx_word' id='word_1_31' title='bbox 256 1216 366 1281; x_wconf 87' lang='lat' dir='ltr'>eadem</span> <span class='ocrx_word' id='word_1_32' title='bbox 379 1215 505 1291; x_wconf 91' lang='lat' dir='ltr'>faceret,</span> <span class='ocrx_word' id='word_1_33' title='bbox 519 1236 599 1298; x_wconf 88' lang='lat' dir='ltr'>quac</span> <span class='ocrx_word' id='word_1_34' title='bbox 609 1213 725 1279; x_wconf 80' lang='lat' dir='ltr'>fecerat</span> <span class='ocrx_word' id='word_1_35' title='bbox 738 1223 892 1297; x_wconf 81' lang='lat' dir='ltr'>quaestor,</span> <span class='ocrx_word' id='word_1_36' title='bbox 906 1215 1020 1280; x_wconf 80' lang='lat' dir='ltr'>similia</span> <span class='ocrx_word' id='word_1_37' title='bbox 1031 1237 1139 1281; x_wconf 87' lang='lat' dir='ltr'>rursus</span> 
     </span>
     <span class='ocr_line' id='line_1_6' title="bbox 119 1306 1139 1393; baseline -0.004 -16"><span class='ocrx_word' id='word_1_38' title='bbox 119 1313 158 1377; x_wconf 90' lang='lat' dir='ltr'>de</span> <span class='ocrx_word' id='word_1_39' title='bbox 176 1320 275 1375; x_wconf 90' lang='lat' dir='ltr'>morte</span> <span class='ocrx_word' id='word_1_40' title='bbox 293 1310 360 1374; x_wconf 90' lang='lat' dir='ltr'>eius</span> <span class='ocrx_word' id='word_1_41' title='bbox 377 1308 583 1393; x_wconf 74' lang='lat' dir='ltr'>provinciales</span> <span class='ocrx_word' id='word_1_42' title='bbox 602 1307 732 1371; x_wconf 90' lang='lat' dir='ltr'>consilia</span> <span class='ocrx_word' id='word_1_43' title='bbox 748 1306 869 1371; x_wconf 87' lang='lat' dir='ltr'>inirent.</span> <span class='ocrx_word' id='word_1_44' title='bbox 905 1307 1016 1373; x_wconf 90' lang='lat' dir='ltr'>horum</span> <span class='ocrx_word' id='word_1_45' title='bbox 1033 1308 1139 1373; x_wconf 90' lang='lat' dir='ltr'>odium</span> 
     </span>
     <span class='ocr_line' id='line_1_7' title="bbox 119 1401 1140 1484; baseline -0.005 -12"><span class='ocrx_word' id='word_1_46' title='bbox 119 1402 344 1472; x_wconf 89' lang='lat' dir='ltr'>confirmabant</span> <span class='ocrx_word' id='word_1_47' title='bbox 362 1402 502 1468; x_wconf 89' lang='lat' dir='ltr'>nonnulli</span> <span class='ocrx_word' id='word_1_48' title='bbox 518 1401 687 1466; x_wconf 78' lang='lat' dir='ltr'>familiares</span> <span class='ocrx_word' id='word_1_49' title='bbox 705 1401 787 1478; x_wconf 82' lang='lat' dir='ltr'>eius3</span> <span class='ocrx_word' id='word_1_50' title='bbox 805 1401 868 1484; x_wconf 91' lang='lat' dir='ltr'>qui,</span> <span class='ocrx_word' id='word_1_51' title='bbox 888 1423 959 1466; x_wconf 90' lang='lat' dir='ltr'>cum</span> <span class='ocrx_word' id='word_1_52' title='bbox 977 1402 1010 1466; x_wconf 91' lang='lat' dir='ltr'>in</span> <span class='ocrx_word' id='word_1_53' title='bbox 1023 1402 1075 1468; x_wconf 89' lang='lat' dir='ltr'>illa</span> <span class='ocrx_word' id='word_1_54' title='bbox 1089 1425 1140 1469; x_wconf 91' lang='lat' dir='ltr'>so-</span> 
     </span>
     <span class='ocr_line' id='line_1_8' title="bbox 120 1494 1138 1580; baseline -0.003 -17"><span class='ocrx_word' id='word_1_55' title='bbox 120 1498 232 1563; x_wconf 88' lang='lat' dir='ltr'>cietate</span> <span class='ocrx_word' id='word_1_56' title='bbox 250 1508 447 1561; x_wconf 87' lang='lat' dir='ltr'>versarentur</span> <span class='ocrx_word' id='word_1_57' title='bbox 463 1496 655 1580; x_wconf 81' lang='lat' dir='ltr'>rapinarum,</span> <span class='ocrx_word' id='word_1_58' title='bbox 678 1494 773 1559; x_wconf 90' lang='lat' dir='ltr'>nihilo</span> <span class='ocrx_word' id='word_1_59' title='bbox 791 1494 893 1560; x_wconf 89' lang='lat' dir='ltr'>minus</span> <span class='ocrx_word' id='word_1_60' title='bbox 911 1496 1039 1561; x_wconf 87' lang='lat' dir='ltr'>oderant</span> <span class='ocrx_word' id='word_1_61' title='bbox 1056 1517 1138 1575; x_wconf 89' lang='lat' dir='ltr'>eum,</span> 
     </span>
     <span class='ocr_line' id='line_1_9' title="bbox 119 1588 1139 1676; baseline -0.002 -19"><span class='ocrx_word' id='word_1_62' title='bbox 119 1593 209 1658; x_wconf 91' lang='lat' dir='ltr'>cuius</span> <span class='ocrx_word' id='word_1_63' title='bbox 224 1591 348 1656; x_wconf 90' lang='lat' dir='ltr'>nomine</span> <span class='ocrx_word' id='word_1_64' title='bbox 365 1590 546 1676; x_wconf 84' lang='lat' dir='ltr'>peccabant,</span> <span class='ocrx_word' id='word_1_65' title='bbox 566 1588 687 1674; x_wconf 86' lang='lat' dir='ltr'>sibique</span> <span class='ocrx_word' id='word_1_66' title='bbox 701 1590 784 1672; x_wconf 93' lang='lat' dir='ltr'>quod</span> <span class='ocrx_word' id='word_1_67' title='bbox 798 1601 963 1674; x_wconf 90' lang='lat' dir='ltr'>rapuerant</span> <span class='ocrx_word' id='word_1_68' title='bbox 976 1601 1139 1676; x_wconf 88' lang='lat' dir='ltr'>acceptum</span> 
     </span>
     <span class='ocr_line' id='line_1_10' title="bbox 119 1683 1139 1768; baseline -0.002 -16"><span class='ocrx_word' id='word_1_69' title='bbox 119 1683 305 1760; x_wconf 80' lang='lat' dir='ltr'>referebant,</span> <span class='ocrx_word' id='word_1_70' title='bbox 323 1685 408 1768; x_wconf 92' lang='lat' dir='ltr'>quod</span> <span class='ocrx_word' id='word_1_71' title='bbox 426 1684 622 1749; x_wconf 88' lang='lat' dir='ltr'>interciderat</span> <span class='ocrx_word' id='word_1_72' title='bbox 639 1695 693 1749; x_wconf 90' lang='lat' dir='ltr'>aut</span> <span class='ocrx_word' id='word_1_73' title='bbox 706 1694 771 1749; x_wconf 90' lang='lat' dir='ltr'>erat</span> <span class='ocrx_word' id='word_1_74' title='bbox 784 1684 1010 1768; x_wconf 84' lang='lat' dir='ltr'>interpellatum</span> <span class='ocrx_word' id='word_1_75' title='bbox 1025 1684 1139 1751; x_wconf 87' lang='lat' dir='ltr'>Cassio</span> 
     </span>
     <span class='ocr_line' id='line_1_11' title="bbox 120 1777 1141 1865; baseline -0.001 -21"><span class='ocrx_word' id='word_1_76' title='bbox 120 1778 331 1865; x_wconf 82' lang='lat' dir='ltr'>assignabant.</span> <span class='ocrx_word' id='word_1_77' title='bbox 359 1779 498 1862; x_wconf 90' lang='lat' dir='ltr'>quintam</span> <span class='ocrx_word' id='word_1_78' title='bbox 511 1778 665 1863; x_wconf 86' lang='lat' dir='ltr'>legionem</span> <span class='ocrx_word' id='word_1_79' title='bbox 680 1777 845 1842; x_wconf 89' lang='lat' dir='ltr'>conscribit</span> <span class='ocrx_word' id='word_1_80' title='bbox 859 1800 981 1843; x_wconf 88' lang='lat' dir='ltr'>novam.</span> <span class='ocrx_word' id='word_1_81' title='bbox 1008 1789 1141 1865; x_wconf 88' lang='lat' dir='ltr'>augetur</span> 
     </span>
     <span class='ocr_line' id='line_1_12' title="bbox 120 1870 1140 1957; baseline -0.001 -19"><span class='ocrx_word' id='word_1_82' title='bbox 120 1873 228 1939; x_wconf 89' lang='lat' dir='ltr'>odium</span> <span class='ocrx_word' id='word_1_83' title='bbox 246 1883 277 1937; x_wconf 90' lang='lat' dir='ltr'>et</span> <span class='ocrx_word' id='word_1_84' title='bbox 294 1895 334 1936; x_wconf 83' lang='lat' dir='ltr'>ex</span> <span class='ocrx_word' id='word_1_85' title='bbox 351 1872 419 1957; x_wconf 88' lang='lat' dir='ltr'>ipso</span> <span class='ocrx_word' id='word_1_86' title='bbox 433 1872 555 1936; x_wconf 91' lang='lat' dir='ltr'>delectu</span> <span class='ocrx_word' id='word_1_87' title='bbox 568 1882 599 1935; x_wconf 89' lang='lat' dir='ltr'>et</span> <span class='ocrx_word' id='word_1_88' title='bbox 613 1881 738 1956; x_wconf 87' lang='lat' dir='ltr'>sumptu</span> <span class='ocrx_word' id='word_1_89' title='bbox 753 1870 874 1935; x_wconf 89' lang='lat' dir='ltr'>additae</span> <span class='ocrx_word' id='word_1_90' title='bbox 887 1871 1028 1956; x_wconf 88' lang='lat' dir='ltr'>legionis.</span> <span class='ocrx_word' id='word_1_91' title='bbox 1055 1894 1140 1937; x_wconf 87' lang='lat' dir='ltr'>com-</span> 
     </span>
     <span class='ocr_line' id='line_1_13' title="bbox 120 1956 1138 2052; baseline -0.002 -21"><span class='ocrx_word' id='word_1_92' title='bbox 120 1966 245 2052; x_wconf 90' lang='lat' dir='ltr'>plcntur</span> <span class='ocrx_word' id='word_1_93' title='bbox 261 1966 400 2049; x_wconf 93' lang='lat' dir='ltr'>equitum</span> <span class='ocrx_word' id='word_1_94' title='bbox 418 1956 472 2030; x_wconf 85' lang='grc' dir='ltr'>ΙΙΙ</span> <span class='ocrx_word' id='word_1_95' title='bbox 489 1965 573 2029; x_wconf 90' lang='lat' dir='ltr'>milia</span> <span class='ocrx_word' id='word_1_96' title='bbox 591 1965 797 2048; x_wconf 84' lang='lat' dir='ltr'>maximisque</span> <span class='ocrx_word' id='word_1_97' title='bbox 815 1976 962 2030; x_wconf 91' lang='lat' dir='ltr'>ornantur</span> <span class='ocrx_word' id='word_1_98' title='bbox 974 1965 1138 2051; x_wconf 82' lang='lat' dir='ltr'>impensis3</span> 
     </span>
     <span class='ocr_line' id='line_1_14' title="bbox 120 2058 1187 2146; baseline 0.001 -21"><span class='ocrx_word' id='word_1_99' title='bbox 120 2081 179 2125; x_wconf 91' lang='lat' dir='ltr'>nec</span> <span class='ocrx_word' id='word_1_100' title='bbox 196 2060 373 2145; x_wconf 88' lang='lat' dir='ltr'>provinciae</span> <span class='ocrx_word' id='word_1_101' title='bbox 391 2059 483 2123; x_wconf 91' lang='lat' dir='ltr'>datur</span> <span class='ocrx_word' id='word_1_102' title='bbox 499 2058 563 2122; x_wconf 91' lang='lat' dir='ltr'>ulla</span> <span class='ocrx_word' id='word_1_103' title='bbox 579 2059 712 2142; x_wconf 90' lang='lat' dir='ltr'>requies.</span> <span class='ocrx_word' id='word_1_104' title='bbox 747 2059 869 2123; x_wconf 90' lang='lat' dir='ltr'>interim</span> <span class='ocrx_word' id='word_1_105' title='bbox 886 2058 1002 2124; x_wconf 84' lang='lat' dir='ltr'>litteras</span> <span class='ocrx_word' id='word_1_106' title='bbox 1021 2061 1140 2146; x_wconf 87' lang='lat' dir='ltr'>accepit</span> <span class='ocrx_word' id='word_1_107' title='bbox 1158 2082 1187 2127; x_wconf 75' lang='lat' dir='ltr'>ur</span> 
     </span>
     <span class='ocr_line' id='line_1_15' title="bbox 121 2151 1141 2237; baseline -0.001 -18"><span class='ocrx_word' id='word_1_108' title='bbox 121 2177 141 2219; x_wconf 84' lang='lat' dir='ltr'>a</span> <span class='ocrx_word' id='word_1_109' title='bbox 154 2152 301 2229; x_wconf 87' lang='lat' dir='ltr'>Caesare,</span> <span class='ocrx_word' id='word_1_110' title='bbox 321 2162 355 2216; x_wconf 90' lang='lat' dir='ltr'>ut</span> <span class='ocrx_word' id='word_1_111' title='bbox 370 2152 403 2216; x_wconf 91' lang='lat' dir='ltr'>in</span> <span class='ocrx_word' id='word_1_112' title='bbox 416 2151 558 2216; x_wconf 86' lang='lat' dir='ltr'>Africam</span> <span class='ocrx_word' id='word_1_113' title='bbox 577 2153 745 2216; x_wconf 84' lang='lat' dir='ltr'>exercitum</span> <span class='ocrx_word' id='word_1_114' title='bbox 762 2152 902 2217; x_wconf 87' lang='lat' dir='ltr'>traiceret</span> <span class='ocrx_word' id='word_1_115' title='bbox 919 2174 1035 2237; x_wconf 89' lang='lat' dir='ltr'>perque</span> <span class='ocrx_word' id='word_1_116' title='bbox 1048 2151 1141 2218; x_wconf 91' lang='lat' dir='ltr'>Mau-</span> 
     </span>
     <span class='ocr_line' id='line_1_16' title="bbox 121 2244 1140 2334; baseline -0.002 -21"><span class='ocrx_word' id='word_1_117' title='bbox 121 2247 265 2313; x_wconf 88' lang='lat' dir='ltr'>ritaniam</span> <span class='ocrx_word' id='word_1_118' title='bbox 287 2246 327 2310; x_wconf 90' lang='lat' dir='ltr'>ad</span> <span class='ocrx_word' id='word_1_119' title='bbox 349 2246 427 2311; x_wconf 90' lang='lat' dir='ltr'>fines</span> <span class='ocrx_word' id='word_1_120' title='bbox 444 2244 608 2310; x_wconf 86' lang='lat' dir='ltr'>Numidiae</span> <span class='ocrx_word' id='word_1_121' title='bbox 626 2247 814 2332; x_wconf 88' lang='lat' dir='ltr'>perveniret,</span> <span class='ocrx_word' id='word_1_122' title='bbox 844 2248 927 2330; x_wconf 89' lang='lat' dir='ltr'>quod</span> <span class='ocrx_word' id='word_1_123' title='bbox 949 2271 1063 2334; x_wconf 86' lang='lat' dir='ltr'>magna</span> <span class='ocrx_word' id='word_1_124' title='bbox 1081 2247 1140 2313; x_wconf 89' lang='lat' dir='ltr'>Cn.</span> 
     </span>
     <span class='ocr_line' id='line_1_17' title="bbox 120 2339 1142 2425; baseline 0.002 -20"><span class='ocrx_word' id='word_1_125' title='bbox 120 2340 273 2425; x_wconf 92' lang='lat' dir='ltr'>Pompeio</span> <span class='ocrx_word' id='word_1_126' title='bbox 290 2339 371 2404; x_wconf 88' lang='lat' dir='ltr'>luba</span> <span class='ocrx_word' id='word_1_127' title='bbox 388 2340 515 2404; x_wconf 83' lang='lat' dir='ltr'>miserat</span> <span class='ocrx_word' id='word_1_128' title='bbox 532 2340 647 2404; x_wconf 85' lang='lat' dir='ltr'>auxilia</span> <span class='ocrx_word' id='word_1_129' title='bbox 664 2341 842 2424; x_wconf 87' lang='lat' dir='ltr'>maioraque</span> <span class='ocrx_word' id='word_1_130' title='bbox 868 2340 1018 2406; x_wconf 89' lang='lat' dir='ltr'>missurus</span> <span class='ocrx_word' id='word_1_131' title='bbox 1036 2342 1142 2407; x_wconf 84' lang='lat' dir='ltr'>existi-</span> 
     </span>
     <span class='ocr_line' id='line_1_18' title="bbox 121 2433 1142 2520; baseline 0.002 -21"><span class='ocrx_word' id='word_1_132' title='bbox 121 2433 273 2500; x_wconf 88' lang='lat' dir='ltr'>mabatur.</span> <span class='ocrx_word' id='word_1_133' title='bbox 317 2433 432 2516; x_wconf 89' lang='lat' dir='ltr'>quibus</span> <span class='ocrx_word' id='word_1_134' title='bbox 450 2433 558 2498; x_wconf 91' lang='lat' dir='ltr'>litteris</span> <span class='ocrx_word' id='word_1_135' title='bbox 577 2435 711 2519; x_wconf 92' lang='lat' dir='ltr'>acceptis</span> <span class='ocrx_word' id='word_1_136' title='bbox 729 2435 873 2500; x_wconf 88' lang='lat' dir='ltr'>insolenti</span> <span class='ocrx_word' id='word_1_137' title='bbox 892 2434 1050 2520; x_wconf 88' lang='lat' dir='ltr'>voluptate</span> <span class='ocrx_word' id='word_1_138' title='bbox 1068 2435 1142 2500; x_wconf 86' lang='lat' dir='ltr'>effe-</span> 
     </span>
     <span class='ocr_line' id='line_1_19' title="bbox 121 2526 1142 2612; baseline -0.001 -18"><span class='ocrx_word' id='word_1_139' title='bbox 121 2526 261 2604; x_wconf 85' lang='lat' dir='ltr'>rebatur,</span> <span class='ocrx_word' id='word_1_140' title='bbox 288 2527 372 2610; x_wconf 90' lang='lat' dir='ltr'>quod</span> <span class='ocrx_word' id='word_1_141' title='bbox 395 2527 454 2592; x_wconf 93' lang='lat' dir='ltr'>sibi</span> <span class='ocrx_word' id='word_1_142' title='bbox 477 2549 627 2592; x_wconf 86' lang='lat' dir='ltr'>novarum</span> <span class='ocrx_word' id='word_1_143' title='bbox 655 2528 880 2612; x_wconf 80' lang='lat' dir='ltr'>provinciarum</span> <span class='ocrx_word' id='word_1_144' title='bbox 909 2540 939 2594; x_wconf 90' lang='lat' dir='ltr'>ct</span> <span class='ocrx_word' id='word_1_145' title='bbox 961 2528 1142 2594; x_wconf 90' lang='lat' dir='ltr'>fertilissimi</span> 
     </span>
     <span class='ocr_line' id='line_1_20' title="bbox 121 2619 1143 2708; baseline 0 -21"><span class='ocrx_word' id='word_1_146' title='bbox 121 2622 210 2708; x_wconf 88' lang='lat' dir='ltr'>regni</span> <span class='ocrx_word' id='word_1_147' title='bbox 232 2632 318 2686; x_wconf 90' lang='lat' dir='ltr'>tanta</span> <span class='ocrx_word' id='word_1_148' title='bbox 339 2621 444 2686; x_wconf 89' lang='lat' dir='ltr'>oblata</span> <span class='ocrx_word' id='word_1_149' title='bbox 466 2631 550 2686; x_wconf 86' lang='lat' dir='ltr'>esset</span> <span class='ocrx_word' id='word_1_150' title='bbox 567 2619 708 2686; x_wconf 88' lang='lat' dir='ltr'>facultas.</span> <span class='ocrx_word' id='word_1_151' title='bbox 752 2622 857 2705; x_wconf 87' lang='lat' dir='ltr'>itaque</span> <span class='ocrx_word' id='word_1_152' title='bbox 881 2623 998 2708; x_wconf 89' lang='lat' dir='ltr'>ipsein</span> <span class='ocrx_word' id='word_1_153' title='bbox 1014 2624 1143 2688; x_wconf 88' lang='lat' dir='ltr'>Lusita·</span> 
     </span>
     <span class='ocr_line' id='line_1_21' title="bbox 121 2715 1142 2800; baseline 0 -20"><span class='ocrx_word' id='word_1_154' title='bbox 121 2715 206 2780; x_wconf 89' lang='lat' dir='ltr'>niam</span> <span class='ocrx_word' id='word_1_155' title='bbox 223 2715 429 2799; x_wconf 88' lang='lat' dir='ltr'>proficiscitur</span> <span class='ocrx_word' id='word_1_156' title='bbox 450 2716 490 2779; x_wconf 91' lang='lat' dir='ltr'>ad</span> <span class='ocrx_word' id='word_1_157' title='bbox 507 2715 648 2800; x_wconf 87' lang='lat' dir='ltr'>legiones</span> <span class='ocrx_word' id='word_1_158' title='bbox 671 2716 872 2780; x_wconf 87' lang='lat' dir='ltr'>arcessendas</span> <span class='ocrx_word' id='word_1_159' title='bbox 894 2716 1070 2800; x_wconf 69' lang='lat' dir='ltr'>auxiliaque</span> <span class='ocrx_word' id='word_1_160' title='bbox 1087 2716 1142 2781; x_wconf 89' lang='lat' dir='ltr'>ad·</span> 
     </span>
     <span class='ocr_line' id='line_1_22' title="bbox 121 2808 1142 2894; baseline 0.001 -21"><span class='ocrx_word' id='word_1_161' title='bbox 121 2809 278 2886; x_wconf 83' lang='lat' dir='ltr'>duceuda3</span> <span class='ocrx_word' id='word_1_162' title='bbox 306 2809 397 2873; x_wconf 90' lang='lat' dir='ltr'>certis</span> <span class='ocrx_word' id='word_1_163' title='bbox 420 2808 597 2874; x_wconf 87' lang='lat' dir='ltr'>hominibus</span> <span class='ocrx_word' id='word_1_164' title='bbox 619 2810 673 2874; x_wconf 89' lang='lat' dir='ltr'>dat</span> <span class='ocrx_word' id='word_1_165' title='bbox 694 2810 867 2894; x_wconf 84' lang='lat' dir='ltr'>negotium,</span> <span class='ocrx_word' id='word_1_166' title='bbox 895 2824 929 2875; x_wconf 89' lang='lat' dir='ltr'>ut</span> <span class='ocrx_word' id='word_1_167' title='bbox 950 2810 1142 2874; x_wconf 92' lang='lat' dir='ltr'>frumentum</span> 
     </span>
     <span class='ocr_line' id='line_1_23' title="bbox 121 2900 1142 2988; baseline 0.003 -22"><span class='ocrx_word' id='word_1_168' title='bbox 121 2924 280 2984; x_wconf 87' lang='lat' dir='ltr'>navesque</span> <span class='ocrx_word' id='word_1_169' title='bbox 308 2900 336 2966; x_wconf 94' lang='lat' dir='ltr'>C</span> <span class='ocrx_word' id='word_1_170' title='bbox 362 2913 631 2986; x_wconf 89' lang='lat' dir='ltr'>praepararentur,</span> <span class='ocrx_word' id='word_1_171' title='bbox 659 2903 869 2988; x_wconf 89' lang='lat' dir='ltr'>pecuniaeque</span> <span class='ocrx_word' id='word_1_172' title='bbox 895 2903 1142 2969; x_wconf 89' lang='lat' dir='ltr'>describerentur</span> 
     </span>
     <span class='ocr_line' id='line_1_24' title="bbox 122 2996 1141 3080; baseline 0.003 -21"><span class='ocrx_word' id='word_1_173' title='bbox 122 3005 216 3079; x_wconf 79' lang='lat' dir='ltr'>atque</span> <span class='ocrx_word' id='word_1_174' title='bbox 232 2996 472 3080; x_wconf 88' lang='lat' dir='ltr'>imperarentur,</span> <span class='ocrx_word' id='word_1_175' title='bbox 491 3019 529 3060; x_wconf 91' lang='lat' dir='ltr'>ue</span> <span class='ocrx_word' id='word_1_176' title='bbox 547 3019 690 3080; x_wconf 88' lang='lat' dir='ltr'>quares,</span> <span class='ocrx_word' id='word_1_177' title='bbox 710 3018 781 3061; x_wconf 88' lang='lat' dir='ltr'>cum</span> <span class='ocrx_word' id='word_1_178' title='bbox 798 2997 943 3074; x_wconf 91' lang='lat' dir='ltr'>redisset,</span> <span class='ocrx_word' id='word_1_179' title='bbox 962 3008 1141 3062; x_wconf 88' lang='lat' dir='ltr'>moraretur.</span> 
     </span>
     <span class='ocr_line' id='line_1_25' title="bbox 122 3088 1144 3176; baseline 0.003 -23"><span class='ocrx_word' id='word_1_180' title='bbox 122 3088 240 3153; x_wconf 81' lang='lat' dir='ltr'>reditus</span> <span class='ocrx_word' id='word_1_181' title='bbox 258 3089 325 3152; x_wconf 86' lang='lat' dir='ltr'>eius</span> <span class='ocrx_word' id='word_1_182' title='bbox 343 3088 404 3153; x_wconf 90' lang='lat' dir='ltr'>fuit</span> <span class='ocrx_word' id='word_1_183' title='bbox 417 3089 544 3154; x_wconf 89' lang='lat' dir='ltr'>celerior</span> <span class='ocrx_word' id='word_1_184' title='bbox 557 3091 695 3155; x_wconf 92' lang='lat' dir='ltr'>omnium</span> <span class='ocrx_word' id='word_1_185' title='bbox 709 3091 867 3176; x_wconf 88' lang='lat' dir='ltr'>opinione:</span> <span class='ocrx_word' id='word_1_186' title='bbox 886 3114 949 3156; x_wconf 92' lang='lat' dir='ltr'>non</span> <span class='ocrx_word' id='word_1_187' title='bbox 961 3091 1044 3156; x_wconf 85' lang='lat' dir='ltr'>enim</span> <span class='ocrx_word' id='word_1_188' title='bbox 1056 3090 1144 3156; x_wconf 89' lang='lat' dir='ltr'>labor</span> 
     </span>
     <span class='ocr_line' id='line_1_26' title="bbox 123 3181 1141 3268; baseline 0.002 -21"><span class='ocrx_word' id='word_1_189' title='bbox 123 3191 176 3247; x_wconf 83' lang='lat' dir='ltr'>aut</span> <span class='ocrx_word' id='word_1_190' title='bbox 202 3181 364 3268; x_wconf 83' lang='lat' dir='ltr'>vigilantia</span> <span class='ocrx_word' id='word_1_191' title='bbox 386 3183 522 3266; x_wconf 89' lang='lat' dir='ltr'>cupienti</span> <span class='ocrx_word' id='word_1_192' title='bbox 548 3184 729 3268; x_wconf 86' lang='lat' dir='ltr'>praesertim</span> <span class='ocrx_word' id='word_1_193' title='bbox 752 3184 869 3268; x_wconf 89' lang='lat' dir='ltr'>aliquid</span> <span class='ocrx_word' id='word_1_194' title='bbox 892 3184 1004 3250; x_wconf 90' lang='lat' dir='ltr'>Cassio</span> <span class='ocrx_word' id='word_1_195' title='bbox 1026 3185 1141 3249; x_wconf 90' lang='lat' dir='ltr'>deerat.</span> 
     </span>
     <span class='ocr_line' id='line_1_27' title="bbox 123 3274 1191 3363; baseline 0.004 -23"><span class='ocrx_word' id='word_1_196' title='bbox 123 3274 262 3340; x_wconf 84' lang='lat' dir='ltr'>exercitu</span> <span class='ocrx_word' id='word_1_197' title='bbox 279 3287 387 3343; x_wconf 86' lang='lat' dir='ltr'>coacto</span> <span class='ocrx_word' id='word_1_198' title='bbox 409 3278 442 3342; x_wconf 93' lang='lat' dir='ltr'>in</span> <span class='ocrx_word' id='word_1_199' title='bbox 459 3300 555 3341; x_wconf 90' lang='lat' dir='ltr'>unum</span> <span class='ocrx_word' id='word_1_200' title='bbox 577 3279 680 3342; x_wconf 90' lang='lat' dir='ltr'>locum</span> <span class='ocrx_word' id='word_1_201' title='bbox 703 3278 812 3343; x_wconf 89' lang='lat' dir='ltr'>castris</span> <span class='ocrx_word' id='word_1_202' title='bbox 830 3278 871 3343; x_wconf 89' lang='lat' dir='ltr'>ad</span> <span class='ocrx_word' id='word_1_203' title='bbox 889 3277 1070 3344; x_wconf 87' lang='lat' dir='ltr'>Cordubam</span> <span class='ocrx_word' id='word_1_204' title='bbox 1087 3300 1143 3363; x_wconf 69' lang='lat' dir='ltr'>pa</span> <span class='ocrx_word' id='word_1_205' title='bbox 1160 3297 1191 3344; x_wconf 77' lang='lat'>52</span> 
     </span>
     <span class='ocr_line' id='line_1_28' title="bbox 123 3367 1142 3458; baseline 0.002 -24"><span class='ocrx_word' id='word_1_206' title='bbox 123 3367 190 3434; x_wconf 80' lang='lat' dir='ltr'>sitis</span> <span class='ocrx_word' id='word_1_207' title='bbox 214 3392 273 3457; x_wconf 90' lang='lat' dir='ltr'>pro</span> <span class='ocrx_word' id='word_1_208' title='bbox 299 3373 441 3437; x_wconf 89' lang='lat' dir='ltr'>contione</span> <span class='ocrx_word' id='word_1_209' title='bbox 467 3372 615 3437; x_wconf 90' lang='lat' dir='ltr'>militibus</span> <span class='ocrx_word' id='word_1_210' title='bbox 642 3373 782 3457; x_wconf 85' lang='lat' dir='ltr'>exponit,</span> <span class='ocrx_word' id='word_1_211' title='bbox 814 3395 892 3458; x_wconf 92' lang='lat' dir='ltr'>quas</span> <span class='ocrx_word' id='word_1_212' title='bbox 918 3395 968 3437; x_wconf 92' lang='lat' dir='ltr'>res</span> <span class='ocrx_word' id='word_1_213' title='bbox 996 3371 1142 3437; x_wconf 83' lang='lat' dir='ltr'>Caesaris</span> 
     </span>
     <span class='ocr_line' id='line_1_29' title="bbox 123 3463 1143 3553; baseline -0.001 -22"><span class='ocrx_word' id='word_1_214' title='bbox 123 3463 211 3532; x_wconf 83' lang='lat' dir='ltr'>iussu</span> <span class='ocrx_word' id='word_1_215' title='bbox 228 3489 337 3553; x_wconf 86' lang='lat' dir='ltr'>gerere</span> <span class='ocrx_word' id='word_1_216' title='bbox 354 3468 494 3544; x_wconf 90' lang='lat' dir='ltr'>deberet,</span> <span class='ocrx_word' id='word_1_217' title='bbox 519 3468 744 3553; x_wconf 85' lang='lat' dir='ltr'>polliceturque</span> <span class='ocrx_word' id='word_1_218' title='bbox 765 3469 819 3545; x_wconf 91' lang='lat' dir='ltr'>iis,</span> <span class='ocrx_word' id='word_1_219' title='bbox 847 3490 919 3532; x_wconf 88' lang='lat' dir='ltr'>cum</span> <span class='ocrx_word' id='word_1_220' title='bbox 940 3468 972 3531; x_wconf 93' lang='lat' dir='ltr'>in</span> <span class='ocrx_word' id='word_1_221' title='bbox 990 3466 1143 3531; x_wconf 89' lang='lat' dir='ltr'>Maurita-</span> 
     </span>
     <span class='ocr_line' id='line_1_30' title="bbox 123 3558 1143 3644; baseline -0.002 -19"><span class='ocrx_word' id='word_1_222' title='bbox 123 3558 207 3625; x_wconf 78' lang='lat' dir='ltr'>niam</span> <span class='ocrx_word' id='word_1_223' title='bbox 224 3562 410 3641; x_wconf 88' lang='lat' dir='ltr'>traiecisset,</span> <span class='ocrx_word' id='word_1_224' title='bbox 429 3563 586 3627; x_wconf 89' lang='lat' dir='ltr'>sestertios</span> <span class='ocrx_word' id='word_1_225' title='bbox 605 3573 751 3627; x_wconf 85' lang='lat' dir='ltr'>centenos</span> <span class='ocrx_word' id='word_1_226' title='bbox 770 3583 804 3627; x_wconf 88' lang='lat' dir='ltr'>se</span> <span class='ocrx_word' id='word_1_227' title='bbox 821 3562 979 3638; x_wconf 91' lang='lat' dir='ltr'>daturum;</span> <span class='ocrx_word' id='word_1_228' title='bbox 1002 3561 1143 3644; x_wconf 90' lang='lat' dir='ltr'>quintam</span> 
     </span>
     <span class='ocr_line' id='line_1_31' title="bbox 124 3650 1145 3742; baseline 0 -25"><span class='ocrx_word' id='word_1_229' title='bbox 124 3650 216 3718; x_wconf 82' lang='lat' dir='ltr'>fore</span> <span class='ocrx_word' id='word_1_230' title='bbox 206 3676 240 3718; x_wconf 89' lang='grc' dir='ltr'>ιιι</span> <span class='ocrx_word' id='word_1_231' title='bbox 257 3653 414 3741; x_wconf 89' lang='lat' dir='ltr'>Hispania</span> <span class='ocrx_word' id='word_1_232' title='bbox 430 3656 593 3742; x_wconf 83' lang='lat' dir='ltr'>legionem.</span> <span class='ocrx_word' id='word_1_233' title='bbox 629 3678 669 3721; x_wconf 88' lang='lat' dir='ltr'>ex</span> <span class='ocrx_word' id='word_1_234' title='bbox 686 3655 828 3720; x_wconf 87' lang='lat' dir='ltr'>contione</span> <span class='ocrx_word' id='word_1_235' title='bbox 846 3677 881 3721; x_wconf 91' lang='lat' dir='ltr'>se</span> <span class='ocrx_word' id='word_1_236' title='bbox 900 3653 1080 3721; x_wconf 87' lang='lat' dir='ltr'>Cordubam</span> <span class='ocrx_word' id='word_1_237' title='bbox 1096 3675 1145 3718; x_wconf 89' lang='lat' dir='ltr'>re-</span> 
     </span>
     <span class='ocr_line' id='line_1_32' title="bbox 125 3746 1146 3835; baseline -0.002 -23"><span class='ocrx_word' id='word_1_238' title='bbox 125 3746 205 3832; x_wconf 80' lang='lat' dir='ltr'>capit</span> <span class='ocrx_word' id='word_1_239' title='bbox 222 3768 321 3833; x_wconf 89' lang='lat' dir='ltr'>eoque</span> <span class='ocrx_word' id='word_1_240' title='bbox 338 3751 408 3835; x_wconf 90' lang='lat' dir='ltr'>ipso</span> <span class='ocrx_word' id='word_1_241' title='bbox 425 3750 475 3813; x_wconf 89' lang='lat' dir='ltr'>die</span> <span class='ocrx_word' id='word_1_242' title='bbox 494 3760 631 3835; x_wconf 88' lang='lat' dir='ltr'>tempore</span> <span class='ocrx_word' id='word_1_243' title='bbox 649 3749 905 3835; x_wconf 88' lang='lat' dir='ltr'>postmeridiano,</span> <span class='ocrx_word' id='word_1_244' title='bbox 923 3771 995 3814; x_wconf 91' lang='lat' dir='ltr'>cum</span> <span class='ocrx_word' id='word_1_245' title='bbox 1012 3748 1045 3812; x_wconf 91' lang='lat' dir='ltr'>in</span> <span class='ocrx_word' id='word_1_246' title='bbox 1062 3747 1146 3812; x_wconf 87' lang='lat' dir='ltr'>basi-</span> 
     </span>
     <span class='ocr_line' id='line_1_33' title="bbox 125 3837 1145 3926; baseline -0.004 -19"><span class='ocrx_word' id='word_1_247' title='bbox 125 3837 241 3907; x_wconf 81' lang='lat' dir='ltr'>licam</span> <span class='ocrx_word' id='word_1_248' title='bbox 231 3853 304 3918; x_wconf 81' lang='lat' dir='ltr'>net,</span> <span class='ocrx_word' id='word_1_249' title='bbox 323 3843 450 3926; x_wconf 90' lang='lat' dir='ltr'>quidam</span> <span class='ocrx_word' id='word_1_250' title='bbox 468 3843 628 3909; x_wconf 89' lang='lat' dir='ltr'>Minucius</span> <span class='ocrx_word' id='word_1_251' title='bbox 649 3842 730 3920; x_wconf 86' lang='lat' dir='ltr'>Silo,</span> <span class='ocrx_word' id='word_1_252' title='bbox 750 3842 845 3908; x_wconf 88' lang='lat' dir='ltr'>cliens</span> <span class='ocrx_word' id='word_1_253' title='bbox 863 3843 904 3906; x_wconf 89' lang='lat' dir='ltr'>L.</span> <span class='ocrx_word' id='word_1_254' title='bbox 923 3841 1038 3918; x_wconf 87' lang='lat' dir='ltr'>Racili,</span> <span class='ocrx_word' id='word_1_255' title='bbox 1056 3839 1145 3905; x_wconf 92' lang='lat' dir='ltr'>libel-</span> 
     </span>
     <span class='ocr_line' id='line_1_34' title="bbox 126 3928 1144 4046; baseline -0.002 -47"><span class='ocrx_word' id='word_1_256' title='bbox 126 3928 201 4011; x_wconf 82' lang='lat' dir='ltr'>lum,</span> <span class='ocrx_word' id='word_1_257' title='bbox 229 3935 321 4018; x_wconf 87' lang='lat' dir='ltr'>quasi</span> <span class='ocrx_word' id='word_1_258' title='bbox 338 3936 455 4019; x_wconf 87' lang='lat' dir='ltr'>aliquid</span> <span class='ocrx_word' id='word_1_259' title='bbox 473 3936 513 4001; x_wconf 89' lang='lat' dir='ltr'>ab</span> <span class='ocrx_word' id='word_1_260' title='bbox 532 3959 569 4002; x_wconf 92' lang='lat' dir='ltr'>eo</span> <span class='ocrx_word' id='word_1_261' title='bbox 586 3937 772 4046; x_wconf 89' lang='lat' dir='ltr'>postularet,</span> <span class='ocrx_word' id='word_1_262' title='bbox 799 3946 834 4000; x_wconf 91' lang='lat' dir='ltr'>ut</span> <span class='ocrx_word' id='word_1_263' title='bbox 852 3936 940 4001; x_wconf 90' lang='lat' dir='ltr'>miles</span> <span class='ocrx_word' id='word_1_264' title='bbox 963 3958 992 3999; x_wconf 84' lang='lat' dir='ltr'>er</span> <span class='ocrx_word' id='word_1_265' title='bbox 981 3933 1144 4009; x_wconf 89' lang='lat' dir='ltr'>tradidit,</span> 
     </span>
     <span class='ocr_line' id='line_1_35' title="bbox 126 3980 1144 4115; baseline -0.001 -23"><span class='ocrx_word' id='word_1_266' title='bbox 126 3980 235 4093; x_wconf 82' lang='lat' dir='ltr'>deiuile</span> <span class='ocrx_word' id='word_1_267' title='bbox 253 4038 325 4113; x_wconf 89' lang='lat' dir='ltr'>post</span> <span class='ocrx_word' id='word_1_268' title='bbox 341 4029 498 4094; x_wconf 81' lang='lat' dir='ltr'>Racilium</span> <span class='ocrx_word' id='word_1_269' title='bbox 516 4029 630 4113; x_wconf 89' lang='lat' dir='ltr'>(nam</span> <span class='ocrx_word' id='word_1_270' title='bbox 621 4053 649 4094; x_wconf 82' lang='lat' dir='ltr'>ra</span> <span class='ocrx_word' id='word_1_271' title='bbox 666 4030 748 4094; x_wconf 90' lang='lat' dir='ltr'>latus</span> <span class='ocrx_word' id='word_1_272' title='bbox 767 4029 861 4095; x_wconf 90' lang='lat' dir='ltr'>Cassi</span> <span class='ocrx_word' id='word_1_273' title='bbox 878 4027 1032 4115; x_wconf 84' lang='lat' dir='ltr'>tegebat),</span> <span class='ocrx_word' id='word_1_274' title='bbox 1054 4027 1144 4112; x_wconf 87' lang='lat' dir='ltr'>quasi</span> 
     </span>
     <span class='ocr_line' id='line_1_36' title="bbox 126 4122 1143 4231; baseline -0.002 -45"><span class='ocrx_word' id='word_1_275' title='bbox 126 4140 309 4230; x_wconf 75' lang='lat' dir='ltr'>responsum</span> <span class='ocrx_word' id='word_1_276' title='bbox 326 4134 453 4231; x_wconf 87' lang='lat' dir='ltr'>peteret,</span> <span class='ocrx_word' id='word_1_277' title='bbox 472 4124 610 4189; x_wconf 89' lang='lat' dir='ltr'>celeriter</span> <span class='ocrx_word' id='word_1_278' title='bbox 627 4126 700 4189; x_wconf 92' lang='lat' dir='ltr'>dato</span> <span class='ocrx_word' id='word_1_279' title='bbox 718 4125 786 4190; x_wconf 88' lang='lat' dir='ltr'>loco</span> <span class='ocrx_word' id='word_1_280' title='bbox 805 4147 876 4189; x_wconf 91' lang='lat' dir='ltr'>cum</span> <span class='ocrx_word' id='word_1_281' title='bbox 894 4146 928 4188; x_wconf 89' lang='lat' dir='ltr'>se</span> <span class='ocrx_word' id='word_1_282' title='bbox 945 4122 1143 4199; x_wconf 87' lang='lat' dir='ltr'>insinuasset,</span> 
     </span>
     <span class='ocr_line' id='line_1_37' title="bbox 128 4212 1145 4302; baseline 0.002 -23"><span class='ocrx_word' id='word_1_283' title='bbox 128 4212 249 4280; x_wconf 70' lang='lat' dir='ltr'>matra</span> <span class='ocrx_word' id='word_1_284' title='bbox 265 4216 391 4301; x_wconf 90' lang='lat' dir='ltr'>corripit</span> <span class='ocrx_word' id='word_1_285' title='bbox 409 4239 534 4282; x_wconf 89' lang='lat' dir='ltr'>versum</span> <span class='ocrx_word' id='word_1_286' title='bbox 552 4217 722 4301; x_wconf 85' lang='lat' dir='ltr'>dextraque</span> <span class='ocrx_word' id='word_1_287' title='bbox 738 4218 788 4283; x_wconf 89' lang='lat' dir='ltr'>bis</span> <span class='ocrx_word' id='word_1_288' title='bbox 806 4217 878 4282; x_wconf 86' lang='lat' dir='ltr'>ferit</span> <span class='ocrx_word' id='word_1_289' title='bbox 895 4216 1041 4302; x_wconf 79' lang='lat' dir='ltr'>pugione.</span> <span class='ocrx_word' id='word_1_290' title='bbox 1082 4215 1145 4281; x_wconf 92' lang='lat' dir='ltr'>cla-</span> 
     </span>
     <span class='ocr_line' id='line_1_38' title="bbox 127 4307 1144 4397; baseline 0 -23"><span class='ocrx_word' id='word_1_291' title='bbox 127 4326 208 4374; x_wconf 82' lang='lat' dir='ltr'>more</span> <span class='ocrx_word' id='word_1_292' title='bbox 226 4307 350 4375; x_wconf 87' lang='lat' dir='ltr'>sublato</span> <span class='ocrx_word' id='word_1_293' title='bbox 368 4309 403 4374; x_wconf 91' lang='lat' dir='ltr'>fit</span> <span class='ocrx_word' id='word_1_294' title='bbox 420 4334 440 4376; x_wconf 89' lang='lat' dir='ltr'>a</span> <span class='ocrx_word' id='word_1_295' title='bbox 457 4312 623 4376; x_wconf 88' lang='lat' dir='ltr'>coniuratis</span> <span class='ocrx_word' id='word_1_296' title='bbox 642 4313 776 4397; x_wconf 89' lang='lat' dir='ltr'>impetus</span> <span class='ocrx_word' id='word_1_297' title='bbox 790 4311 954 4375; x_wconf 88' lang='lat' dir='ltr'>universis.</span> <span class='ocrx_word' id='word_1_298' title='bbox 980 4308 1144 4375; x_wconf 89' lang='lat' dir='ltr'>Munatius</span> 
     </span>
     <span class='ocr_line' id='line_1_39' title="bbox 127 4395 1145 4490; baseline 0.003 -24"><span class='ocrx_word' id='word_1_299' title='bbox 127 4395 257 4467; x_wconf 80' lang='lat' dir='ltr'>llaccus</span> <span class='ocrx_word' id='word_1_300' title='bbox 279 4404 456 4488; x_wconf 86' lang='lat' dir='ltr'>proximum</span> <span class='ocrx_word' id='word_1_301' title='bbox 478 4404 583 4490; x_wconf 83' lang='lat' dir='ltr'>gladio</span> <span class='ocrx_word' id='word_1_302' title='bbox 607 4407 706 4470; x_wconf 89' lang='lat' dir='ltr'>traicit</span> <span class='ocrx_word' id='word_1_303' title='bbox 728 4406 880 4483; x_wconf 81' lang='lat' dir='ltr'>lictorem3</span> <span class='ocrx_word' id='word_1_304' title='bbox 907 4406 967 4470; x_wconf 95' lang='lat' dir='ltr'>hoc</span> <span class='ocrx_word' id='word_1_305' title='bbox 984 4404 1145 4470; x_wconf 89' lang='lat' dir='ltr'>interfecto</span> 
     </span>
     <span class='ocr_line' id='line_1_40' title="bbox 128 4490 1144 4586; baseline 0.003 -26"><span class='ocrx_word' id='word_1_306' title='bbox 128 4490 325 4579; x_wconf 68' lang='lat' dir='ltr'>QCaasium</span> <span class='ocrx_word' id='word_1_307' title='bbox 338 4497 477 4584; x_wconf 86' lang='lat' dir='ltr'>legatum</span> <span class='ocrx_word' id='word_1_308' title='bbox 491 4500 640 4565; x_wconf 87' lang='lat' dir='ltr'>vulnerat.</span> <span class='ocrx_word' id='word_1_309' title='bbox 667 4500 711 4564; x_wconf 89' lang='lat' dir='ltr'>ibi</span> <span class='ocrx_word' id='word_1_310' title='bbox 724 4499 762 4563; x_wconf 82' lang='grc' dir='ltr'>Τ.</span> <span class='ocrx_word' id='word_1_311' title='bbox 773 4499 889 4564; x_wconf 89' lang='lat' dir='ltr'>Vasius</span> <span class='ocrx_word' id='word_1_312' title='bbox 903 4509 934 4564; x_wconf 92' lang='lat' dir='ltr'>et</span> <span class='ocrx_word' id='word_1_313' title='bbox 947 4500 988 4563; x_wconf 97' lang='lat' dir='ltr'>L.</span> <span class='ocrx_word' id='word_1_314' title='bbox 998 4497 1144 4586; x_wconf 83' lang='lat' dir='ltr'>Mergilio</span> 
     </span>
     <span class='ocr_line' id='line_1_41' title="bbox 128 4586 1144 4679; baseline 0.003 -25"><span class='ocrx_word' id='word_1_315' title='bbox 128 4586 217 4654; x_wconf 81' lang='lat' dir='ltr'>simili</span> <span class='ocrx_word' id='word_1_316' title='bbox 239 4591 426 4657; x_wconf 87' lang='lat' dir='ltr'>confidentia</span> <span class='ocrx_word' id='word_1_317' title='bbox 448 4592 610 4671; x_wconf 85' lang='lat' dir='ltr'>Flaccum,</span> <span class='ocrx_word' id='word_1_318' title='bbox 637 4594 824 4679; x_wconf 88' lang='lat' dir='ltr'>municipem</span> <span class='ocrx_word' id='word_1_319' title='bbox 851 4617 956 4670; x_wconf 87' lang='lat' dir='ltr'>suum,</span> <span class='ocrx_word' id='word_1_320' title='bbox 984 4592 1144 4658; x_wconf 85' lang='lat' dir='ltr'>adiuvant:</span> 
     </span>
    </p>
   </div>
   <div class='ocr_carea' id='block_1_3' title="bbox 0 0 1366 5206">
    <p class='ocr_par' dir='ltr' id='par_1_3' title="bbox 0 0 1366 5206">
     <span class='ocr_line' id='line_1_42' title="bbox 0 0 1366 5206; baseline 0 0"><span class='ocrx_word' id='word_1_321' title='bbox 0 0 1366 5206; x_wconf 95' lang='lat' dir='ltr'> </span> 
     </span>
    </p>
   </div>
  </div>
 </body>
</html>
