2738 5272
184 739 247 804 346
342 774 344 777 ·
533 748 648 804 BELLI
664 747 849 804 Arutcnru

181 873 379 939 dimittendos
402 871 441 938 ab
465 872 601 935 exercitu
624 872 906 958 gravissimumque
929 872 961 934 in
988 894 1042 936 eos
1070 873 1221 937 edictum

131 991 162 1036 47
182 968 416 1053 proponendum
434 966 562 1030 curavit.
602 966 706 1050 perid
726 976 848 1050 tempus
867 966 931 1030 sere
951 964 1101 1030 Caesaris
1123 990 1220 1032 exer-

181 1062 256 1126 citui
273 1084 322 1126 res
341 1060 453 1124 accidit
474 1059 663 1124 incredibilis
686 1061 802 1124 auditu.
847 1082 982 1142 namque
1004 1061 1217 1145 vergiliarum

181 1156 272 1242 signo
290 1153 430 1220 conlecto
448 1152 569 1217 circiter
586 1153 693 1239 vigilia
711 1154 848 1218 secunda
865 1154 965 1218 noctis
987 1153 1119 1219 nimbus
1140 1178 1216 1219 eum

181 1272 277 1315 saxea
294 1248 443 1335 grandine
462 1247 564 1312 subito
583 1258 631 1312 est
649 1259 775 1312 exortus
793 1250 914 1334 ingens.
959 1249 999 1312 ad
1019 1248 1081 1313 hoc
1101 1263 1216 1314 autem

180 1344 412 1410 incommodum
429 1352 617 1419 accesserat,
640 1343 724 1425 quod
743 1342 863 1408 Caesar
880 1366 942 1407 non
961 1365 1046 1407 more
1065 1346 1216 1428 superio-

179 1462 250 1504 rum
272 1450 446 1523 temporum
468 1437 500 1500 in
523 1436 660 1501 hibernis
683 1438 853 1502 exercitum
875 1436 1068 1514 continebat,
1099 1439 1215 1503 sedin

181 1533 270 1597 tertio
288 1543 459 1616 quartoque
477 1531 526 1595 die
544 1532 740 1615 procedendo
762 1532 951 1616 propiusque
974 1531 1098 1595 hostem
1119 1554 1215 1596 acce-

180 1627 283 1690 dendo
301 1635 402 1690 eastra
419 1625 662 1702 communiebat,
690 1648 844 1710 opereque
866 1625 1009 1689 faciendo
1031 1625 1154 1690 milites
1179 1649 1214 1690 se

181 1719 448 1804 circumspiciendi
471 1742 533 1783 non
559 1718 716 1783 habebant
743 1719 932 1784 facultatem.
975 1731 1143 1804 praeterea
1169 1721 1216 1784 ita

181 1837 222 1878 ex
240 1814 348 1879 Sicilia
366 1813 534 1876 exercitum
553 1812 794 1897 transportabat,
822 1823 856 1876 ut
877 1824 999 1897 praeter
1019 1814 1127 1896 ipsum
1154 1816 1214 1877 mi-

181 1908 267 1972 litem
285 1918 316 1971 et
333 1930 419 1971 arma
441 1928 498 1970 nee
520 1929 576 1970 vas
598 1929 657 1970 nec
674 1906 863 1991 mancipium
888 1928 988 1989 neque
1013 1906 1111 1969 ullam
1131 1931 1213 1982 rem,

181 2024 261 2086 quae
281 2001 351 2064 usui
369 1999 458 2064 militi
476 2022 545 2064 esse
560 2001 730 2077 consuevit,
750 2001 781 2063 in
796 2024 891 2065 naves
906 2001 1022 2085 imponi
1035 2010 1212 2085 pateretur.

181 2097 212 2159 in
235 2094 346 2158 Africa
367 2104 470 2158 autem
493 2117 555 2157 non
575 2095 668 2158 modo
692 2094 750 2158 sibi
773 2095 939 2177 quicquam
963 2118 1024 2157 non
1051 2096 1214 2177 acquisic-

182 2199 250 2252 rant
268 2200 321 2252 aut
338 2198 535 2273 paraverant,
555 2187 611 2251 sed
630 2188 723 2252 ctiam
740 2199 866 2272 propter
883 2211 1023 2252 annonae
1042 2188 1213 2253 caritatem

182 2293 253 2346 ante
271 2292 358 2366 parta
376 2296 641 2367 consumpserant.
677 2280 790 2364 quibus
808 2280 901 2346 rebus
920 2282 1069 2345 attenuati
1089 2284 1214 2366 oppido

183 2373 363 2460 [per]qua1u
386 2375 478 2458 pauci
501 2374 559 2439 sub
585 2375 718 2459 pellibus
747 2375 999 2457 acquiescebant;
1026 2374 1141 2457 reliqui
1172 2400 1213 2440 ex

181 2470 373 2533 vestimentis
396 2469 565 2533 tentoriolis
589 2470 678 2534 sactis
697 2481 789 2552 atque
813 2470 1015 2533 arundinibus
1038 2471 1214 2554 scopisque

181 2564 333 2628 contextis
352 2562 582 2648 permanebant.
626 2564 730 2647 itaque
749 2563 851 2627 subito
870 2563 967 2627 imbre
990 2564 1214 2649 grandineque

181 2667 348 2722 consecuta
365 2658 500 2742 gravmis
519 2657 656 2741 pondere
674 2658 812 2721 tentoriis
831 2680 991 2740 aquaeque
1015 2657 1045 2719 vi
1064 2656 1213 2722 subrutis

181 2751 379 2833 disiectisque
405 2761 495 2815 noete
522 2751 708 2837 intempesta
734 2750 858 2835 ignibus
890 2751 1064 2825 exstinctis,
1099 2750 1213 2829 rebus,

181 2866 261 2927 quac
283 2844 323 2907 ad
346 2845 461 2907 victum
484 2845 651 2928 pertinent,
680 2845 824 2908 omnibus
848 2846 999 2928 corruptis
1021 2866 1078 2928 per
1101 2857 1216 2910 eastra

181 2938 298 3020 passim
318 2937 512 3021 vagabantur
529 2938 687 3020 scutisque
710 2937 811 3021 capita
833 2937 1047 3022 contegebant.
1095 2938 1216 3002 eadem

181 3043 271 3096 noete
289 3031 320 3096 V
337 3032 468 3116 legionis
486 3033 619 3115 pilorum
638 3033 800 3096 cacumina
818 3056 875 3096 sua
894 3043 1003 3117 sponte
1022 3046 1181 3098 arserunt.

131 3146 161 3191 48
244 3125 314 3188 Rex
332 3125 455 3188 interim
472 3124 553 3189 Iuba
570 3126 609 3188 de
628 3127 762 3208 equestri
781 3126 897 3209 proelio
918 3124 1072 3209 Scipionis
1093 3129 1217 3193 certior

181 3219 283 3281 faetus
310 3229 519 3300 evocatusquc
541 3218 581 3282 ab
608 3219 718 3282 eodem
744 3219 853 3283 litteris
880 3221 1036 3303 praesecto
1065 3219 1217 3286 Saburra

181 3333 251 3374 cum
270 3321 355 3395 parte
374 3312 527 3375 exercitus
547 3321 654 3375 contra
672 3310 799 3376 Sittium
818 3313 939 3389 relicto,
957 3324 992 3376 ut
1010 3335 1118 3376 secum
1138 3315 1215 3398 ipse

181 3405 297 3487 aliquid
315 3405 505 3468 auctoritatis
524 3406 651 3469 adderet
666 3407 814 3469 exercitui
830 3405 986 3491 Scipionis
1001 3429 1037 3469 ac
1055 3419 1215 3473 terrorem

182 3498 341 3573 Caesaris,
379 3521 450 3562 cum
481 3499 578 3564 tribus
610 3499 785 3584 legionibus
823 3500 1039 3582 equitibusque
1074 3499 1215 3567 frenatis

182 3592 315 3667 DCCC,
333 3591 477 3656 Numidis
497 3594 564 3656 sine
583 3592 677 3656 frenis
696 3591 914 3677 peditibusque
933 3593 1010 3656 levis
1028 3606 1215 3659 armaturae

181 3686 291 3772 grandi
309 3709 437 3751 numero
460 3687 694 3771 elephantisque
714 3686 822 3749 XXX
841 3710 986 3771 egressus
1005 3709 1022 3750 c
1045 3708 1146 3769 regno
1165 3690 1214 3753 ad

183 3780 361 3864 Scipionem
379 3792 427 3845 est
445 3782 612 3864 profectus.
649 3795 814 3865 postquam
833 3782 873 3844 ad
892 3803 962 3843 eum
981 3781 1134 3864 pervenit,
1155 3803 1214 3845 ea-

182 3876 252 3938 stris
271 3875 364 3959 rcgiis
383 3898 524 3939 seorsum
543 3875 650 3959 positis
670 3897 741 3938 cum
759 3876 804 3938 eis
828 3876 939 3959 copiis,
967 3898 1044 3957 quas
1067 3895 1214 3939 commc-

181 3969 312 4042 mornvi,
340 3968 423 4031 haud
449 3968 493 4032 ita
515 3968 608 4053 longe
636 3967 675 4031 ab
700 3966 846 4052 Scipione
874 3969 1023 4033 consedit.
1068 3967 1153 4048 (erat
1176 3971 1212 4032 in

181 4064 290 4125 eastris
311 4061 455 4126 Caesaris
475 4063 633 4146 superiore
652 4073 789 4145 tempore
808 4086 940 4148 magnus
963 4075 1072 4136 terror,
1096 4071 1129 4123 ct
1154 4086 1213 4126 ex-

182 4156 372 4238 spectatione
390 4156 548 4240 copiarum
571 4156 727 4240 regiarum
751 4157 904 4219 exercitus
923 4157 989 4219 eius
1013 4153 1114 4238 magis
1136 4178 1210 4218 sus-

182 4249 323 4331 pensiore
338 4250 440 4313 animo
455 4262 526 4313 ante
541 4249 708 4313 adventum
719 4249 816 4313 lubae
831 4248 1097 4322 commovebatur;
1117 4262 1212 4331 post-

181 4363 275 4422 quam
297 4364 370 4405 vero
393 4356 495 4407 castra
521 4343 629 4407 castris
657 4343 800 4418 contulit,
828 4344 983 4427 despectis
1011 4343 1077 4404 cius
1105 4343 1210 4425 copiis

182 4456 304 4497 ornnem
324 4435 463 4500 timorem
481 4437 616 4520 deponit.
644 4437 687 4500 ita
704 4459 799 4518 quam
817 4448 907 4500 antea
925 4436 1038 4499 absens
1053 4434 1210 4500 habuerat

185 4527 407 4605 auctoritatem,
427 4553 495 4592 earn
514 4552 636 4593 onmem
655 4552 801 4613 praesens
821 4531 1002 4614 dimiserat).
1039 4550 1101 4611 quo
1119 4529 1210 4595 sacto
