2738 5272
261 789 283 851 4
584 799 635 854 DE
653 796 778 853 BELLO
798 794 965 853 Gannico

262 925 399 1010 pericula
426 923 588 988 subeunda
615 933 734 1000 essent,
758 923 850 986 trium
872 942 1016 986 mensum
1037 919 1146 983 molita
1167 919 1289 985 cibaria

264 1019 323 1082 sibi
349 1040 504 1103 quemque
531 1018 624 1082 domo
652 1017 761 1081 efferre
787 1016 904 1081 iubent.
947 1015 1135 1100 persuadent
1163 1015 1286 1080 Raura-

263 1114 307 1177 eis
338 1124 369 1177 et
398 1112 543 1197 Tulingis
575 1123 605 1176 et
636 1112 700 1175 La
688 1123 797 1175 ovrcrs
828 1109 981 1186 finitimis,
1013 1109 1059 1173 uti
1090 1108 1201 1173 eodem
1235 1110 1288 1175 usi

263 1190 392 1271 consilio
414 1167 537 1292 oppidis
565 1207 630 1271 suis
653 1207 792 1288 uicisque
820 1204 938 1268 exustis
965 1226 1123 1269 unacum
1150 1204 1189 1268 iis
1212 1226 1288 1289 pro-

264 1300 453 1376 ficiscantur,
477 1300 650 1384 Boiosquc,
678 1301 731 1382 qui
758 1310 843 1363 trans
865 1298 1012 1364 Rhenum
1037 1299 1232 1363 incoluerant
1255 1310 1285 1363 et

243 1395 295 1459 .in
317 1419 427 1480 agrum
445 1394 593 1459 Noricum
616 1395 801 1459 transierant
822 1393 1029 1476 Noreiamque
1052 1405 1283 1479 oppugnatam,

229 1500 403 1574 areecptos
434 1490 475 1553 ad
508 1512 541 1553 se
573 1489 674 1553 sorios
707 1488 766 1552 sibi
797 1487 984 1552 adsciscunt.
1038 1498 1125 1551 erant
1156 1488 1285 1552 omnino

262 1585 373 1649 itinera
390 1584 466 1661 duo,
490 1583 603 1668 quibus
622 1582 782 1647 itineribus
802 1583 895 1647 domo
915 1583 998 1646 exire
1016 1590 1158 1667 possent:
1185 1604 1286 1645 unum

261 1701 317 1764 per
340 1678 518 1762 Sama
546 1689 714 1762 angustum
737 1687 767 1741 et
794 1676 935 1755 difficile,
962 1677 1041 1740 inter
1067 1685 1206 1740 montem
1228 1676 1285 1739 Iu-

262 1797 329 1837 ranr
350 1783 381 1837 et
406 1773 522 1836 flumen
544 1771 747 1847 Rhodanum,
773 1770 826 1834 vin
853 1793 916 1855 qua
942 1770 1057 1856 singuli
1083 1770 1162 1835 carri
1189 1770 1286 1835 duce-

262 1879 386 1943 rentur3
421 1890 511 1930 mons
542 1877 647 1931 autem
682 1866 852 1930 altissimus
882 1864 1095 1951 impendebat,
1125 1876 1161 1928 ut
1190 1864 1286 1929 facile

262 1961 408 2046 perpauci
430 1960 593 2045 prohibero
616 1970 758 2045 possent:
785 1959 916 2024 alterum
938 1982 994 2044 per
1014 1958 1206 2044 provinciam
1226 1980 1287 2022 no-

263 2066 372 2130 stram,
401 2053 497 2117 multo
524 2054 647 2118 facilins
674 2065 768 2137 atquc
794 2053 982 2138 expeditius,
1010 2064 1174 2139 propterea
1198 2052 1286 2136 quod

263 2149 343 2211 inter
361 2148 438 2210 fines
457 2147 676 2212 Helvetiorum
694 2159 725 2212 et
741 2147 965 2233 Allobrogum,
988 2148 1042 2230 qui
1064 2169 1162 2233 nuper
1180 2147 1285 2231 pacati

263 2251 358 2318 erant,
377 2241 548 2306 Rhodanus
567 2241 634 2305 llnit
652 2242 741 2324 isque
758 2242 914 2306 nonnullis
931 2241 1008 2305 loeis
1026 2241 1106 2305 vado
1124 2240 1284 2304 transitur.

263 2346 435 2400 extremum
454 2336 603 2421 oppidum
617 2335 825 2421 Allobrogum
844 2346 891 2401 est
908 2335 1147 2421 proximumque
1163 2333 1285 2400 Helve-

263 2432 375 2496 tiorum
397 2432 511 2497 finibus
531 2430 671 2497 Genava.
708 2454 748 2496 ex
765 2454 802 2496 eo
821 2432 936 2516 oppido
957 2453 1037 2516 pons
1059 2430 1100 2494 ad
1117 2428 1284 2493 Helvetios

261 2527 403 2611 pertinet.
448 2525 673 2612 Allobrogibus
697 2548 767 2591 sese
788 2526 839 2590 vel
860 2547 1079 2611 persuasrrros,
1103 2523 1188 2607 quod
1205 2544 1285 2586 non-

264 2619 338 2682 dum
361 2618 444 2685 bono
467 2620 571 2684 animo
593 2621 626 2684 in
643 2619 793 2704 populum
812 2619 990 2684 Romanum
1009 2619 1195 2694 viderentur,
1218 2616 1285 2681 exi-

264 2713 446 2790 stimabant,
474 2715 524 2779 vel
551 2715 583 2778 vi
609 2725 785 2789 coacturos,
812 2724 846 2776 ut
872 2734 929 2797 per
955 2736 1028 2777 suos
1055 2711 1134 2776 fines
1156 2732 1212 2776 eos
1239 2710 1285 2774 ire

262 2820 450 2893 paterentur.
495 2809 639 2874 omnibus
662 2808 756 2873 rebus
783 2809 824 2871 ad
849 2807 1073 2892 prosectionem
1095 2804 1284 2891 comparatis

263 2903 345 2967 diem
360 2904 474 2979 dieunt,
490 2926 552 2987 qua
566 2904 615 2967 dio
630 2903 669 2966 ad
687 2902 786 2987 ripam
796 2901 942 2966 Rhodani
959 2923 1067 2965 omnes
1085 2899 1282 2964 conveniant.

262 2998 289 3060 is
316 2998 382 3061 dies
410 3008 475 3061 erat
501 3021 528 3060 a.
553 2999 582 3061 d.
602 2995 642 3061 V.
665 2996 739 3060 Kal.
762 2995 841 3081 Apr.
865 2996 906 3060 L.
924 2995 1055 3072 Pisone,
1082 2994 1124 3059 A.
1145 2991 1283 3060 Gabinio

263 3090 453 3154 consulibus.

231 3197 244 3241 ι
324 3182 454 3247 Caesari
477 3205 547 3248 eum
570 3184 602 3248 id
624 3184 799 3249 nuntiatum
818 3194 915 3263 esset,
939 3207 992 3250 eos
1015 3207 1071 3269 per
1091 3182 1285 3269 provinciam

263 3285 401 3339 nostram
418 3278 477 3340 iter
495 3277 597 3342 facere
616 3279 734 3355 conari,
758 3290 892 3344 maturat
914 3279 954 3344 ab
976 3277 1054 3342 urbe
1076 3276 1231 3363 proficisci
1254 3285 1285 3339 et

263 3391 357 3451 quarn
384 3370 529 3434 maximis
560 3376 663 3455 pbtest
693 3373 853 3438 itineribus
884 3374 917 3436 in
944 3370 1080 3438 Galliam
1107 3369 1284 3435 ulteriorem

264 3464 424 3527 contendit
441 3475 472 3529 ct
489 3465 530 3529 ad
549 3463 712 3531 Genavam
730 3468 880 3551 pervenit.
919 3466 1097 3552 provinciae
1115 3464 1171 3529 toti
1188 3485 1284 3547 quam

263 3558 435 3622 maximum
452 3570 556 3643 potest
573 3560 706 3624 militum
724 3584 888 3626 numerum
905 3561 1036 3645 imperat
1059 3558 1139 3641 (erat
1156 3557 1285 3623 omnino

263 3653 295 3716 in
315 3651 419 3719 Gallia
436 3654 579 3719 ulteriore
596 3653 680 3742 legio
698 3658 789 3739 una),
807 3666 944 3741 pontem,
963 3654 1017 3738 qui
1035 3662 1100 3717 erat
1117 3651 1158 3716 ad
1176 3648 1284 3716 Gena-

263 3772 348 3823 vam,
367 3747 454 3812 iubet
471 3749 613 3813 rescindi.
650 3749 705 3814 ubi
722 3750 761 3814 dc
779 3750 846 3813 eius
864 3749 1001 3813 adventu
1018 3746 1157 3811 Helvetii
1174 3745 1283 3810 certio-

262 3865 313 3907 res
336 3842 409 3906 facti
435 3854 521 3920 sunt,
543 3843 664 3928 legatos
683 3843 812 3907 adeum
831 3843 957 3906 mittunt
978 3840 1190 3906 nobilissimos
1208 3838 1285 3902 civi-

264 3937 350 4014 tatis,
378 3938 466 4001 cuius
489 3937 653 4022 legationis
675 3937 857 4001 Nammeius
881 3948 912 4001 ct
929 3935 1147 4000 Verucloctius
1169 3932 1283 4018 princi-

262 4053 334 4114 pem
360 4030 463 4094 locum
485 4030 680 4108 obtinebant,
707 4031 762 4113 qui
787 4031 924 4094 dicerent
951 4028 1011 4094 sibi
1033 4050 1103 4094 esse
1125 4028 1158 4092 in
1179 4026 1283 4091 animo

263 4123 330 4186 sine
356 4123 420 4188 ullo
444 4126 595 4190 maleficio
618 4126 676 4189 iter
692 4148 749 4210 per
765 4125 957 4209 provinciam
979 4124 1097 4200 lacere,
1119 4130 1284 4208 propterea

263 4215 347 4297 quod
365 4216 450 4279 aliud
471 4218 529 4281 iter
551 4218 700 4282 haberent
722 4218 855 4283 nullum:
883 4240 1008 4304 rogare,
1031 4228 1067 4281 ut
1088 4216 1156 4281 eius
1174 4215 1283 4279 volun-

262 4318 325 4372 tate
347 4309 380 4372 id
406 4310 465 4374 sibi
491 4310 593 4376 saeere
619 4313 720 4378 liceat.
766 4312 897 4390 Caesar,
921 4313 1006 4396 quod
1027 4311 1178 4377 memoria
1199 4320 1283 4374 tenc·

263 4403 317 4466 bat
338 4403 379 4466 L.
396 4402 543 4467 Cassium
566 4407 727 4470 consulem
745 4408 883 4472 occisum
902 4407 1135 4490 exercitumque
1157 4406 1224 4470 cius
1243 4403 1281 4468 ab

263 4496 418 4561 Helvetiis
444 4497 569 4582 pulsum
597 4511 625 4563 ct
653 4500 712 4565 sub
739 4502 847 4588 iugum
874 4503 1019 4578 missum,
1048 4498 1283 4566 concedendum

263 4614 324 4655 non
347 4590 490 4676 putabas
516 4614 617 4676 neque
639 4592 781 4658 homines
803 4595 929 4661 inimico
955 4595 1060 4661 auimo
1085 4594 1160 4660 data
1183 4588 1284 4667 sacril-
