2738 5272
136 665 199 731 392
520 681 770 740 salutiensi.

137 799 210 853 inter
228 800 354 855 homines
372 804 495 872 pollent,
519 809 547 858 ct
565 802 737 858 caerimonia
755 803 883 867 deorum,
906 817 1026 873 quoram
1051 799 1112 870 ipsi
1136 798 1167 854 in

136 882 276 945 potestate
290 884 355 931 sunt
368 881 467 950 reges!

187 954 240 1006 Or.
254 972 313 1024 pro
328 955 435 1009 Decio
451 955 609 1011 Samnite.
647 959 709 1010 Tae.
722 958 753 1009 de
767 965 833 1008 orat.
843 957 890 1009 21:
909 955 970 1013 Nisi
989 955 1069 1009 forte
1085 954 1165 1024 quis-

136 1045 221 1097 quam
230 1038 280 1084 aut
290 1031 418 1085 Caesaris
427 1051 479 1103 pro
490 1034 579 1089 Decio
590 1032 715 1088 Samnite
725 1038 774 1086 aut
783 1031 863 1085 Bruti
877 1049 927 1101 pro
937 1031 1083 1087 Deiotaro
1095 1047 1164 1101 rege

138 1111 302 1177 ceterosque
321 1107 445 1162 eiusdem
460 1109 634 1163 lentitudinis
652 1127 686 1163 ac
704 1108 810 1179 teporis
826 1108 913 1162 libros
931 1107 1015 1178 legit,
1033 1108 1094 1162 nisi
1114 1107 1164 1179 qui

137 1186 165 1234 et
175 1183 297 1236 carmina
306 1186 457 1239 eorundem
467 1186 589 1239 miratur.

188 1257 238 1311 Or.
256 1277 316 1328 pro
335 1259 504 1331 Bithynis.
544 1263 613 1316 Geli.
626 1264 661 1317 V.
680 1262 725 1326 13,
745 1263 773 1314 6:
792 1261 825 1314 In
844 1261 986 1330 oratione,
1006 1278 1096 1332 quam
1110 1278 1163 1330 pro

136 1334 267 1404 Bithynia
286 1336 367 1404 dixit,
391 1338 446 1392 hoc
463 1339 602 1408 principio
621 1356 689 1392 usus
711 1344 767 1392 est:
791 1336 859 1392 ‘Vel
877 1353 928 1406 pro
947 1338 1064 1407 hospite
1084 1338 1164 1408 regis

136 1411 297 1467 Nicomedis
315 1413 360 1467 vel
378 1416 541 1483 proborum
555 1416 739 1482 necessitate,
759 1430 876 1485 quornm
891 1430 936 1467 res
955 1414 1064 1483 agitur,
1085 1414 1163 1468 refu·

136 1504 203 1558 gere
222 1488 277 1543 hoc
294 1507 408 1558 munus,
430 1490 468 1545 M.
483 1492 584 1559 Iuncs,
608 1508 664 1546 non
688 1491 775 1561 potui.
814 1507 878 1544 nam
900 1507 993 1560 neque
1012 1491 1163 1545 hominum

136 1570 225 1619 morte
243 1565 376 1620 memoria
394 1567 482 1621 deleri
497 1568 594 1636 debet,
614 1568 681 1638 quin
696 1586 713 1620 a
726 1567 858 1637 proximis
871 1566 1043 1631 retineatur,
1065 1585 1163 1637 neque

136 1641 254 1696 clientes
268 1641 327 1696 siue
342 1660 447 1697 summa
460 1643 576 1698 infamia
589 1644 680 1698 deseri
695 1651 826 1713 possunt,
846 1643 947 1713 quibus
961 1643 1046 1697 etiam
1063 1661 1083 1698 a
1097 1661 1161 1714 pro·

136 1718 248 1789 pinquis
258 1719 362 1772 nostris
372 1736 453 1789 opem
464 1720 536 1775 ferre
547 1720 732 1774 instituimus.⁸
751 1721 803 1774 Ial.
811 1720 1161 1790 Rrsfiaioa.p.2tllRulmk.:

137 1794 300 1923 Glaesarpro
310 1794 455 1866 Bithynis:
474 1797 555 1866 ‘quid
569 1797 657 1868 ergo?
675 1798 856 1868 syngraphae
870 1812 927 1850 non
941 1796 1025 1851 sunt?
1043 1797 1161 1852 serires

136 1871 299 1926 aienacst’

185 1945 240 2017 Or.
257 1948 290 2000 in
304 1947 334 2002 O.
348 1947 532 2004 Memmium
551 1951 629 2005 ctL.
644 1950 828 2004 Domitium
847 1954 1030 2019 praetores
1049 1950 1091 2019 (a.
1105 1949 1161 2020 58).

136 2027 206 2079 Suet.
223 2025 296 2079 Caes.
311 2024 358 2077 23:
377 2025 504 2079 Functus
517 2028 665 2081 consulatu
680 2025 710 2081 O.
725 2026 854 2081 Memmio
868 2026 1015 2095 Lucioque
1028 2024 1161 2080 Domitio

136 2101 314 2169 praetoribus
328 2101 362 2155 de
377 2102 529 2172 superioris
542 2103 607 2158 anni
617 2104 689 2157 actis
702 2103 891 2158 referentibus
906 2100 1102 2172 cognitionem
1118 2118 1161 2156 se·

136 2182 220 2232 natus
240 2177 341 2231 detulit
358 2194 411 2232 nec
429 2177 478 2232 illo
497 2180 668 2250 suscipiente
687 2180 837 2249 triduoque
855 2196 907 2248 per
924 2178 1016 2231 irritas
1034 2178 1161 2233 alterca-

135 2253 228 2307 tiones
238 2253 388 2324 absumpto
402 2255 430 2308 iu
445 2257 618 2325 provinciam
632 2257 709 2310 abiit.
744 2258 802 2310 iliu.
814 2256 858 2309 73:
877 2253 907 2309 O.
917 2254 1055 2323 Memmii,
1077 2255 1161 2308 caius

136 2329 297 2398 asperrimis
307 2330 482 2384 orationibus
495 2351 550 2387 non
566 2334 671 2387 minora
686 2333 839 2387 acerbitate
854 2331 1050 2400 rescripserat,
1071 2331 1161 2385 etiam

137 2404 305 2475 suffragator
315 2425 377 2460 mox
387 2408 415 2461 iu
426 2410 560 2477 petitione
571 2410 733 2463 consulatus
749 2409 809 2463 fuit.
836 2408 994 2462 Schoenon
1004 2409 1040 2459 ud
1049 2408 1107 2461 Cic.
1119 2428 1159 2461 or.

136 2485 163 2536 ia
176 2485 261 2537 Vatia.
277 2502 303 2553 p.
313 2485 363 2538 317
379 2486 438 2537 On.-
457 2484 639 2540 commiserat
654 2486 763 2540 senatui
778 2501 891 2538 causam
905 2500 982 2536 suam
996 2481 1027 2536 C.
1039 2482 1159 2552 Caesar,

136 2559 165 2612 id
176 2566 233 2624 est,
247 2567 278 2613 ut
288 2561 323 2613 de
333 2562 396 2630 lege
406 2563 516 2631 agraria
527 2569 621 2630 patres
631 2562 794 2615 iudicarent.
821 2560 864 2614 ibi
875 2560 947 2614 enim
958 2559 1074 2614 habitae
1092 2568 1161 2615 sunt

136 2645 194 2692 tres
208 2636 273 2691 illae
288 2638 431 2691 orationes
446 2645 543 2691 contra
557 2638 709 2691 Domitium
724 2645 752 2691 ct
766 2635 932 2690 Memmium.
969 2636 1037 2688 End.
1051 2639 1089 2689 od
1104 2639 1159 2692 Cic.

132 2733 184 2784 pro
198 2717 263 2767 Sest.
281 2732 308 2783 p.
322 2714 372 2766 aul
392 2713 450 2766 Oa:
466 2747 497 2756 -
511 2714 646 2767 advorsus
659 2730 721 2767 eum
736 2719 854 2782 egerant
867 2711 896 2765 in
910 2720 1009 2766 senatu
1025 2711 1055 2765 C.
1066 2712 1158 2768 Mem·

136 2791 208 2843 mius
223 2797 252 2844 et
265 2789 297 2842 L.
308 2789 463 2857 Domitius,
483 2797 510 2844 et
524 2789 611 2858 ipsius
628 2789 756 2843 Caesaris
772 2788 912 2842 orationes
927 2797 1026 2842 contra
1040 2788 1095 2842 hos
1111 2807 1159 2844 ex·

138 2872 225 2931 stant,
245 2867 347 2937 quibus
357 2873 387 2920 ct
397 2884 447 2919 sua
456 2874 520 2919 acta
530 2865 657 2919 defendit
667 2873 696 2918 et
705 2865 769 2918 illos
779 2865 939 2918 insectatur.

188 2943 239 2997 Or.
253 2943 342 3011 apud
360 2942 528 2996 militesin
543 2941 664 2994 Africa
678 2942 804 2995 habita.
845 2944 914 2994 Suel.
931 2941 1003 2992 Caes.
1018 2940 1065 2993 66:
1085 2939 1159 2994 Cum

137 3020 310 3089 exspectatio
321 3019 457 3071 adventus
467 3019 555 3071 lubae
565 3017 698 3071 terribilis
714 3026 800 3085 esset,
821 3016 983 3071 convocatis
992 3017 1029 3069 ad
1040 3018 1160 3071 concio-

136 3114 199 3150 nem
209 3095 345 3149 militibus
360 3095 496 3161 ‘seitote,’
513 3094 616 3164 inquit,
636 3093 824 3162 ‘paucissimis
834 3093 877 3145 his
888 3092 988 3146 diebus
997 3110 1097 3161 regem
1108 3095 1158 3148 ad·

136 3173 260 3225 futurum
279 3189 341 3225 cum
363 3172 390 3223 X
412 3171 572 3240 legionibus
596 3169 721 3240 equitum
744 3169 838 3233 XXX,
862 3169 931 3222 ieris
953 3177 1116 3223 armaturae
1136 3169 1158 3223 C

136 3249 263 3313 milibus,
291 3247 447 3316 elephantis
467 3245 544 3300 CCC.
588 3247 706 3317 proinde
730 3245 859 3298 desinant
881 3245 993 3314 quidam
1016 3263 1158 3314 quaerere

136 3326 211 3378 ultra
225 3330 273 3377 aut
286 3323 408 3394 opinari,
428 3324 563 3393 mihique,
582 3322 629 3392 qui
645 3328 816 3390 compertum
832 3321 937 3387 babeo,
957 3322 1088 3375 credant:
1108 3330 1160 3377 aut

138 3401 249 3471 quidem
260 3400 447 3454 vetustissima
457 3417 528 3454 nave
538 3398 684 3468 impositos
695 3414 869 3468 quocumque
880 3404 964 3451 vento
974 3397 1004 3450 in
1014 3414 1158 3467 quascun-

138 3496 193 3548 que
202 3484 290 3532 terras
300 3478 403 3531 iubebo
413 3477 511 3529 arehi'

189 3554 240 3607 Or.
254 3555 342 3623 apud
356 3552 481 3606 milites
496 3553 535 3605 dc
552 3552 736 3605 commodis
751 3567 872 3605 eorum.
896 3551 1014 3603 Diomed.
1024 3567 1053 3619 p.
1063 3551 1158 3605 3951).

137 3632 279 3684 ‘Frustro’
297 3631 336 3684 ait
355 3628 384 3682 O.
400 3629 504 3682 Caesar
521 3629 597 3697 apud
614 3628 715 3683 milites
730 3629 764 3681 dc
785 3627 936 3681 commodis
955 3643 1065 3680 eorum:
1085 3630 1157 3682 ‘nou

137 3708 279 3762 frustrabo
294 3724 355 3772 vos,
374 3707 492 3760 milites?

188 3783 310 3837 Habitae
329 3801 346 3835 a
359 3781 388 3836 O.
405 3782 526 3836 Caesare
545 3782 687 3835 orationes
706 3789 894 3835 memorantur
912 3782 980 3834 Sall.
996 3780 1052 3832 Cat.
1067 3781 1099 3833 51
1121 3782 1157 3834 de

138 3860 305 3925 coniuratis,
322 3862 349 3912 in
358 3860 546 3911 somnianturr'is
555 3861 585 3910 cle
595 3859 616 3909 b.
629 3858 701 3910 Gall.
711 3858 732 3910 Ι.
743 3857 784 3911 lb.
795 3857 884 3910 lala.
895 3858 959 3911 Vll.
969 3857 1059 3909 5254.
1074 3859 1095 3911 b.
1107 3861 1156 3911 cir.

137 3936 476 3990 1.7.s.3e.a·›.111.o.73.
491 3936 513 3987 b.
523 3936 598 3986 aller.
608 3935 634 3987 8.
647 3934 686 3986 70.
702 3935 723 3985 b.
734 3935 793 4000 slsis
803 3934 844 3986 54.
861 3936 881 3986 b.
893 3936 967 4003 Πίῳ.
976 3933 1019 3987 42.

188 4012 371 4066 Orationes
398 4019 523 4066 temere
551 4010 689 4063 Caesari
717 4010 875 4064 tributae.
926 4016 993 4064 Suel.
1014 4013 1089 4064 (laer.
1108 4011 1156 4063 55:

139 4089 287 4144 Orationes
306 4090 415 4159 aliquas
429 4087 555 4158 reliquit,
574 4086 731 4156 intorques
746 4092 848 4140 temere
863 4088 1000 4157 quaedam
1014 4087 1155 4140 feruntur.

139 4183 189 4235 pro
200 4166 353 4230 eliciens
364 4184 420 4217 non
429 4164 563 4217 immerito
571 4163 715 4232 Augustus
726 4162 866 4216 existimat
874 4164 964 4232 magis
973 4164 1009 4216 ab
1020 4164 1155 4217 actuariis

139 4249 283 4311 exceptum
293 4242 365 4295 male
376 4240 612 4310 subsequentibus
627 4240 714 4293 verba
727 4240 860 4306 dicentis,
881 4258 962 4309 quam
972 4241 1008 4293 ab
1022 4240 1085 4308 ipso
1096 4239 1154 4291 edi·

139 4324 202 4371 tam.
239 4318 340 4371 namin
354 4318 520 4386 quibusdam
530 4316 736 4384 exeurplaribus
750 4317 862 4368 invenio
873 4334 908 4370 uc
921 4316 1081 4385 inscriptum
1093 4315 1154 4384 qui-

140 4395 202 4447 dem
212 4410 262 4463 pro
274 4393 401 4459 Metello,
417 4394 465 4446 seii
476 4410 559 4462 quam
570 4391 681 4460 scripsit
691 4392 821 4460 Metello,
837 4409 898 4445 eum
908 4410 941 4445 ex
951 4408 1073 4459 persona
1083 4391 1152 4443 Cae·

140 4470 210 4523 saris
229 4486 318 4523 sermo
338 4469 373 4522 sit
391 4469 533 4523 Metellum
553 4484 639 4536 seque
657 4467 791 4520 adversus
810 4468 993 4521 communium
1012 4466 1150 4519 obtrecta-
