2692 5206
473 812 591 871 contu.
608 815 643 872 V.
659 815 744 869 3-7.
1078 802 1119 868 73

92 937 205 1005 dolore
213 936 339 1003 exasit
360 936 410 1002 his
419 934 512 1002 rebus
521 938 697 1003 constitutis
708 936 826 1004 Caesar
838 937 879 1003 ad
891 946 1014 1023 portum
1022 938 1117 1004 Itium
1135 960 1151 1007 5

93 1055 171 1099 cum
187 1032 365 1119 legionibus
381 1032 531 1117 pervenit
557 1031 602 1097 ibi
615 1033 775 1119 cognoscit
787 1031 856 1097 LX
868 1055 974 1112 nares,
992 1056 1072 1119 quae
1084 1034 1118 1099 in

94 1125 218 1193 Meldis
239 1125 342 1192 factae
368 1135 468 1203 erant,
495 1135 680 1211 tempestate
705 1127 836 1192 reiectas
863 1149 989 1193 cursum
1014 1138 1118 1193 tenere

94 1243 161 1287 non
168 1219 310 1305 potuisse
318 1228 412 1303 atque
420 1218 540 1297 eodem,
558 1219 641 1284 unde
655 1230 742 1284 erant
754 1220 922 1305 profectae,
939 1220 1117 1298 revertisse3

95 1313 235 1398 reliquas
251 1322 376 1399 paratas
393 1312 435 1378 ad
455 1313 666 1399 navigandum
684 1323 777 1397 atqua
795 1313 939 1379 omnibus
960 1313 1055 1381 rebus
1071 1316 1119 1379 in·

97 1419 233 1473 sunctae
249 1406 377 1471 invenit.
420 1406 531 1471 eodem
548 1407 642 1472 totius
661 1404 783 1473 Galliae
801 1408 957 1491 equitatus
974 1409 1119 1474 convenit

96 1522 229 1567 numero
245 1499 366 1565 milium
382 1509 527 1585 quattuor
547 1500 766 1586 principesque
787 1500 933 1568 omnibus
950 1525 990 1569 cx
1011 1503 1119 1569 civita·

97 1594 199 1672 tibus;
221 1591 392 1677 exquibus
409 1615 597 1679 perpaucos,
620 1616 753 1678 quorum
773 1595 807 1660 in
825 1618 859 1660 se
880 1595 976 1662 fidem
991 1617 1119 1682 perspe-
1168 1647 1170 1652 .

96 1698 201 1767 xerat,
222 1687 396 1772 relinquere
411 1688 445 1752 in
463 1685 581 1767 Gallia,
603 1688 740 1773 reliquos
758 1687 903 1755 obsidum
923 1689 994 1755 loco
1011 1711 1118 1755 secum

97 1782 213 1847 ducere
226 1780 413 1858 decreverat,
431 1781 525 1866 quod,
544 1803 615 1846 cum
629 1782 697 1868 ipsc
710 1781 845 1859 abesset,
862 1792 983 1848 motum
997 1777 1119 1849 Galliae

97 1874 274 1942 verebatur.
317 1885 383 1940 erat
398 1897 463 1940 una
479 1896 552 1941 cum
568 1877 679 1942 ceteris
697 1876 876 1956 Dumnorix
891 1875 1060 1955 Haeduus,
1079 1877 1118 1943 de
1136 1898 1151 1945 s

97 1990 162 2055 qno
178 1978 252 2035 ante
269 1966 310 2033 ab
327 1967 416 2034 uobis
434 1969 552 2035 dictum
569 1980 627 2035 est.
653 1970 737 2035 hunc
755 1992 862 2035 secum
877 1968 993 2037 habere
1009 1971 1044 2035 in
1055 1971 1119 2056 pri·

96 2063 160 2129 mis
176 2062 387 2140 constituerat,
405 2062 490 2146 quod
506 2085 579 2129 eum
596 2064 743 2150 cupidum
760 2086 864 2130 rerum
881 2088 1046 2142 novarum,
1064 2086 1118 2130 eu·

96 2156 208 2243 pidum
225 2156 360 2241 imperii,
382 2158 490 2243 magni
506 2157 616 2235 animi,
638 2180 771 2244 magnac
787 2159 867 2224 inter
885 2155 995 2225 Gallos
1012 2168 1119 2224 auoto-

96 2250 198 2317 ritatis
220 2259 418 2336 cognoverat.
461 2250 630 2318 accedebat
651 2251 727 2328 huc,
749 2252 917 2337 quodiam
933 2252 966 2317 in
987 2252 1118 2318 coneilio

94 2343 304 2411 Haeduorum
321 2344 499 2410 Dumnorix
516 2345 638 2410 (fixerat
656 2345 716 2412 sibi
733 2370 753 2412 a
771 2345 908 2412 Caesam
924 2368 1057 2432 regnum
1075 2346 1118 2411 ci·

96 2438 205 2505 vitatis
223 2437 351 2515 deferri3
372 2438 458 2521 quod
473 2438 591 2503 dictum
609 2439 737 2504 Haedui
753 2440 890 2527 graviter
906 2438 1048 2505 ferebant
1063 2461 1118 2503 ne-

97 2554 161 2617 que
176 2531 344 2597 recusandi
361 2541 415 2596 aut
432 2532 619 2617 deprecandi
637 2555 732 2598 causa
752 2532 872 2619 legatos
890 2532 931 2598 ad
949 2531 1117 2599 Caesarem

94 2626 221 2691 mittere
242 2624 408 2690 audebant.
457 2627 490 2691 id
511 2626 630 2692 lactum
652 2649 692 2692 ex
714 2627 778 2692 suis
800 2626 976 2712 hospitibus
999 2626 1117 2692 Caesar

96 2728 299 2806 cognoverat.
325 2718 377 2784 ille
394 2720 539 2785 omnibus
556 2721 657 2806 primo
675 2719 819 2805 precibus
832 2731 938 2804 petere
951 2719 1117 2795 contendit,

95 2826 132 2879 ut
143 2810 294 2879 inGallia
306 2812 540 2897 relinqueretur,
558 2816 681 2899 partim,
699 2813 784 2898 quod
797 2814 938 2878 insuetus
950 2813 1119 2898 navigandi

96 2928 183 2973 mare
201 2906 337 2985 timeret,
359 2908 486 2992 partim,
504 2908 590 2993 quod
606 2906 808 2994 religionibus
826 2907 969 2992 impediri
986 2928 1056 2971 sese
1073 2905 1120 2969 di-

96 3011 193 3067 ceret.
240 3011 446 3087 posteaquam
471 3002 505 3067 id
530 3002 684 3068 obstinata
706 3000 767 3067 sibi
788 3002 896 3088 negari
917 3000 1008 3077 vidit,
1034 2999 1120 3065 omni

96 3117 155 3181 spe
165 3095 355 3181 hpetrandi
367 3096 513 3182 adempta
525 3098 681 3183 principes
696 3095 819 3163 Galliac
837 3095 1011 3174 sollicitare,
1030 3117 1120 3161 sero-

96 3209 170 3254 cure
186 3188 328 3275 singulos
345 3190 522 3274 hortarique
541 3192 655 3276 coepit,
678 3191 723 3255 uti
741 3191 773 3254 in
791 3189 958 3255 continenti
980 3210 1120 3255 remane-
1200 3265 1204 3273 ᾗ

94 3292 181 3360 reut;
204 3294 291 3347 metu
307 3284 460 3349 territare:
483 3307 548 3350 non
566 3285 634 3349 sino
650 3307 746 3350 causa
762 3285 843 3363 ficri,
861 3294 896 3348 ut
915 3281 1019 3350 Gallia
1036 3284 1120 3349 omni
1200 3284 1204 3297 '

95 3374 260 3443 nobilitate
277 3377 469 3463 spoliaretur,
487 3379 521 3444 id
538 3401 608 3444 esso
625 3379 789 3444 eonsilium
804 3377 959 3455 Caesaris,
978 3388 1022 3456 ut,
1040 3399 1119 3461 quos

95 3471 132 3535 in
151 3482 326 3557 conspectu
342 3469 465 3538 Galliae
486 3473 658 3538 interlicere
680 3484 850 3551 vereretur,
878 3472 936 3537 hos
958 3493 1066 3537 omnes
1087 3471 1121 3534 in

95 3563 296 3631 Britanniam
313 3565 470 3631 traductos
488 3575 628 3645 nccaret3
650 3566 745 3632 fidem
765 3566 894 3650 reliquis
915 3565 1119 3649 interponere,

96 3658 317 3723 iusiurandum
334 3681 478 3745 poscere,
496 3669 544 3738 ut,
568 3660 653 3745 quod
669 3683 739 3726 csse
757 3682 797 3725 ex
814 3682 874 3724 usu
892 3656 1015 3724 Galliae
1032 3655 1121 3721 intel·
1201 3652 1204 3661 '

96 3752 264 3830 lexissent,
281 3753 440 3819 communi
457 3755 586 3820 consilio
603 3754 862 3819 administrarent.
905 3752 984 3816 hacc
1001 3773 1020 3815 a
1037 3771 1121 3814 com-

96 3846 242 3933 pluribus
259 3847 302 3913 ad
320 3846 488 3915 Caesarem
506 3848 733 3914 deferebantur.
769 3869 832 3930 qua
848 3869 882 3912 re
900 3845 1026 3932 cognita
1039 3840 1121 3908 Cae·
1139 3860 1152 3904 r

100 3964 167 4018 aar,
193 3941 281 4024 quod
306 3950 426 4007 tantum
452 3942 570 4007 civitati
591 3942 745 4007 Haeduae
770 3941 929 4027 dignitatis
957 3935 1120 4011 tribuebat,

99 4035 307 4101 coercendum
324 4045 418 4119 atque
435 4035 661 4111 deterrendum,
679 4035 928 4118 quibuscumque
941 4031 1035 4097 rebus
1048 4051 1121 4115 pos-

99 4138 163 4207 set,
183 4127 417 4215 Dumnorigem
434 4129 604 4207 statuebat3
627 4128 711 4212 quod
727 4128 851 4214 longius
870 4128 937 4193 eius
955 4124 1121 4191 amentiam

99 4222 247 4310 prospedi
263 4221 404 4301 videbat,
426 4222 692 4309 prospiciendum,
719 4245 759 4287 no
781 4223 857 4306 quid
880 4222 940 4287 sibi
961 4243 998 4285 ac
1019 4220 1122 4304 rcipu-

100 4316 202 4383 blicae
217 4338 332 4383 nocere
348 4329 464 4403 posset.
490 4318 595 4400 itaque
612 4317 680 4382 tlics
698 4316 819 4381 circiter
835 4314 941 4380 XXV
957 4315 989 4379 in
1003 4336 1041 4379 eo
1053 4314 1122 4378 loco

100 4420 322 4489 commoratus,
340 4411 425 4495 quod
438 4410 540 4477 Corus
554 4421 666 4476 ventus
679 4411 910 4496 navigationem
923 4407 1120 4493 impediebat,

99 4508 155 4593 qui
171 4530 321 4595 magnam
337 4518 458 4593 partem
475 4506 576 4572 omnis
595 4505 741 4590 temporis
760 4506 792 4568 in
810 4504 858 4569 his
871 4504 948 4569 locis
962 4503 1036 4567 tlara
1049 4524 1122 4566 con-

99 4602 214 4679 suerit,
231 4600 327 4667 dabat
340 4623 476 4688 operam,
494 4612 530 4665 ut
541 4600 574 4669 in
586 4599 690 4665 officio
698 4598 928 4685 Dumnorigem
941 4596 1120 4670 contineret,
