2692 5206
464 816 581 872 COMM.
599 818 621 872 1.
638 816 756 872 42-44.
1080 809 1121 874 23

90 942 201 1005 iustae
220 961 335 1004 causae
352 940 589 1005 necessitudinis
607 941 684 1026 ipsis
703 965 775 1006 eum
792 941 934 1006 Haeduis
953 943 1121 1009 intercede-

91 1044 182 1112 rent,
210 1056 291 1119 quae
314 1036 584 1100 senatusconsulta
605 1037 747 1119 quotiens
770 1057 926 1120 quamque
951 1036 1121 1102 honorifica

92 1133 130 1196 in
149 1152 206 1195 eos
224 1129 308 1194 sacta
325 1139 443 1208 essent,
467 1139 502 1193 ut
519 1131 604 1195 omni
622 1143 760 1216 tempore
782 1131 877 1195 totius
900 1128 1021 1196 Galliae
1037 1133 1122 1216 prin·

94 1226 240 1311 cipetum
261 1222 389 1288 Haedui
410 1223 597 1300 tenuissent,
624 1224 710 1308 prius
732 1224 839 1301 etiarn,
869 1245 963 1307 quam
984 1234 1121 1290 nostram

95 1318 270 1384 amicitiam
287 1317 487 1403 appetissent.
527 1318 635 1403 populi
652 1317 787 1382 Romani
804 1317 885 1381 hanc
903 1338 972 1382 esse
989 1340 1120 1384 consue-

95 1413 255 1487 tudinem,
281 1422 317 1475 ut
334 1412 436 1476 socios
458 1420 551 1494 atque
569 1412 686 1477 amicos
708 1434 771 1475 non
788 1412 882 1476 modo
905 1413 953 1475 sui
974 1412 1051 1476 nihil
1069 1414 1122 1477 de-

97 1507 241 1593 perdere,
260 1505 317 1570 sed
332 1505 441 1590 gratia,
460 1505 621 1591 dignitate,
639 1505 755 1570 honore
773 1506 926 1569 auctiores
943 1506 1018 1570 velit
1036 1528 1121 1572 esse:

97 1600 189 1685 quod
204 1621 278 1663 vero
295 1599 337 1663 ad
354 1599 521 1663 amicitiam
538 1599 646 1684 populi
663 1599 798 1664 Romani
819 1599 1007 1676 attulissent,
1034 1600 1067 1663 id
1085 1601 1122 1664 iis
1152 1671 1155 1676 ,

98 1694 180 1779 eripi
196 1693 266 1777 quis
284 1693 349 1778 pati
365 1694 491 1778 posset?
523 1694 693 1779 postulavit
711 1694 822 1757 deinde
840 1694 962 1771 eadem,
981 1716 1061 1778 quae
1079 1695 1123 1758 le-

98 1787 185 1873 gatis
201 1787 234 1850 in
251 1787 405 1851 mandatis
423 1787 564 1863 dederat,
586 1810 626 1852 ne
644 1799 698 1852 aut
715 1787 858 1852 Haeduis
877 1799 930 1852 aut
947 1810 1055 1852 eorum
1073 1811 1123 1853 so-

99 1881 161 1946 ciis
177 1879 294 1945 bellum
315 1880 456 1958 inferret3
483 1880 609 1946 obsides
631 1882 787 1959 redderet;
814 1883 842 1947 si
863 1882 979 1946 nullam
1002 1891 1122 1968 partem

100 1972 332 2041 Germanorum
349 1974 478 2039 domum
494 1976 649 2040 remittere
663 1985 780 2061 posset,
799 1986 882 2040 atne
895 1999 974 2060 quos
988 1977 1122 2062 amplius

98 2068 249 2134 Rhenum
266 2068 396 2132 transire
413 2079 578 2153 pateretur.
613 2067 792 2135 Ariovistus
811 2071 852 2134 ad
869 2070 1025 2156 postulata
1042 2069 1123 2135 Cae·
1139 2091 1173 2136 tt

99 2160 181 2226 saris
193 2183 295 2246 pauca
307 2162 476 2246 respondit,
495 2162 535 2227 de
548 2163 614 2227 suis
628 2163 793 2229 virtutibus
807 2164 905 2228 multa
918 2164 1122 2248 praedicavit:

99 2255 252 2319 transisse
272 2254 419 2319 Rhenum
441 2277 512 2320 sese
532 2279 596 2321 non
618 2279 677 2321 sua
699 2267 821 2342 sponte,
849 2257 906 2321 sed
926 2267 1069 2343 rogatum
1092 2268 1123 2322 et

99 2349 287 2415 arcessitum
303 2373 323 2414 a
336 2347 451 2427 Gallis3
470 2372 533 2415 non
551 2351 617 2415 sine
635 2374 750 2436 magna
764 2374 819 2437 spe
832 2352 1016 2437 magnisque
1033 2374 1123 2437 prae-

99 2444 174 2508 miis
199 2443 328 2509 domum
353 2444 607 2529 propinquosque
633 2445 810 2529 reliquisse3
837 2446 928 2510 sedes
950 2444 1064 2511 habere
1090 2447 1122 2510 in

100 2534 210 2602 Gallia
225 2535 266 2601 ab
282 2536 360 2621 ipsis
378 2559 559 2615 concessas,
582 2537 708 2603 obsides
731 2539 870 2623 ipsorum
891 2538 1051 2603 voluntate
1068 2539 1123 2602 da·
1161 2558 1164 2565 ·

100 2642 167 2708 tos3
185 2631 374 2716 stipendium
392 2652 502 2717 capere
518 2632 586 2696 iure
604 2631 687 2708 belli,
706 2633 791 2714 quod
807 2633 940 2697 victores
958 2633 1048 2697 vietis
1066 2633 1124 2695 im-

99 2746 219 2811 ponere
236 2725 423 2789 consuerint.
467 2748 529 2790 non
547 2747 616 2790 sese
635 2724 751 2802 Gallis,
779 2726 835 2789 sed
853 2722 962 2789 Gallos
982 2725 1041 2788 sibi
1059 2724 1124 2788 bel-

99 2820 168 2883 lum
185 2817 343 2883 intulisse:
361 2841 469 2884 omnes
487 2816 608 2883 Galliae
622 2819 763 2884 civitates
778 2818 819 2883 ad
832 2841 866 2883 se
879 2819 1124 2903 oppugnandum

100 2912 227 2977 venisse
244 2934 282 2977 ac
300 2923 407 2977 eontra
424 2935 459 2977 se
477 2923 579 2977 castra
596 2911 759 2989 habuisse3
783 2934 836 2976 eas
854 2934 963 2976 omnes
982 2910 1088 2996 copias
1106 2934 1126 2974 a

101 3028 138 3071 se
158 3028 223 3070 uno
244 3006 362 3091 proelio
383 3007 491 3092 pulsas
513 3028 551 3071 ac
573 3016 734 3092 superatas
761 3028 840 3070 esse.
885 3006 912 3070 si
937 3006 1049 3069 iterum
1071 3026 1125 3069 ex-

100 3099 196 3187 periri
212 3100 319 3178 velint,
337 3124 372 3166 se
388 3103 500 3166 iterum
517 3112 660 3187 peratum
675 3123 745 3166 sese
758 3101 929 3178 deeertare;
949 3101 976 3164 si
988 3122 1066 3186 pace
1078 3101 1124 3163 uti

99 3194 213 3271 velint,
230 3194 374 3279 iniquum
390 3217 461 3261 esse
478 3196 518 3260 de
536 3196 691 3281 stipendio
707 3217 866 3271 recusare,
889 3195 973 3278 quod
996 3216 1053 3258 sua
1069 3216 1124 3258 vo-

100 3288 222 3352 luntate
239 3289 281 3353 ad
296 3289 329 3354 id
347 3298 470 3375 tempus
492 3290 704 3375 pependerint.
748 3289 915 3353 amicitiam
936 3287 1043 3373 populi
1060 3287 1124 3352 Ro-

100 3381 189 3446 mani
210 3381 271 3447 sibi
298 3394 478 3449 ornamento
505 3394 536 3448 et
561 3384 730 3470 praesidio,
756 3406 820 3447 non
846 3383 1029 3447 detrimento
1055 3404 1125 3445 esse

101 3486 260 3562 oportere,
287 3476 381 3561 idque
407 3499 441 3543 se
464 3499 503 3542 ea
525 3501 581 3563 spo
602 3478 728 3563 petisse.
773 3478 799 3540 si
821 3499 877 3562 per
893 3475 1042 3561 populum
1060 3475 1126 3540 Ro-

101 3594 233 3636 manum
258 3571 447 3656 stipendium
472 3572 645 3636 remittatur
670 3582 702 3635 et
731 3571 867 3635 dediticii
896 3569 1124 3645 subtrahantur,

101 3688 166 3729 non
183 3664 286 3731 minus
303 3665 435 3732 libenter
452 3688 522 3731 sese
540 3678 753 3731 recusaturum
772 3667 879 3752 populi
896 3665 1031 3730 Romani
1048 3664 1125 3726 ami-

102 3758 219 3835 citiam,
238 3781 332 3843 quam
350 3760 523 3847 appetierit.
550 3760 634 3843 quod
652 3760 880 3824 multitudinem
896 3758 1126 3823 Gennanorum

103 3851 137 3915 in
153 3849 292 3917 Gallium
309 3854 464 3932 traducat,
482 3853 516 3918 id
534 3875 568 3919 sc
586 3855 635 3919 sui
652 3854 825 3930 muniendi,
849 3876 910 3918 non
930 3850 1051 3916 Galliae
1069 3851 1127 3912 im-

104 3947 292 4033 pugnandae
309 3970 405 4013 causa
421 3948 540 4027 faeere3
563 3950 630 4014 eius
649 3951 693 4014 rei
711 3949 922 4014 testimonium
939 3968 1023 4022 esse,
1042 3945 1127 4029 quod

106 4040 167 4104 nisi
183 4052 311 4127 rogatus
329 4063 393 4107 nen
409 4044 538 4121 venerit,
557 4055 588 4108 et
605 4044 689 4128 quod
702 4043 817 4108 bellum
831 4066 894 4107 non
907 4041 1052 4118 intulerit,
1071 4040 1127 4104 sed

105 4132 288 4199 defenderit.
332 4158 367 4200 se
383 4137 470 4221 prius
487 4138 521 4201 in
540 4136 675 4202 Galliam
698 4138 837 4214 venisse,
860 4160 954 4220 quam
976 4134 1126 4220 populum

103 4225 293 4293 Romanurn.
337 4253 508 4315 numquam
526 4242 598 4295 ante
616 4231 676 4295 hoe
693 4239 815 4315 tempus
834 4230 1002 4294 exereitum
1020 4229 1127 4314 populi

103 4320 241 4387 Romani
254 4320 377 4389 Galliae
393 4325 573 4410 provinciae
586 4324 666 4388 fines
680 4347 852 4409 egressum.
892 4324 967 4407 quid
985 4323 1046 4388 sibi
1063 4323 1127 4387 vel-

102 4413 167 4479 let?
196 4438 253 4480 our
272 4418 304 4481 in
324 4440 398 4484 suas
419 4419 636 4504 possessiones
658 4418 794 4482 veniret?
828 4419 1019 4503 provinciam
1038 4440 1126 4481 suam

102 4507 187 4574 hanc
204 4531 275 4575 esse
293 4509 444 4590 Galliam,
472 4513 551 4578 sicut
568 4512 654 4576 illam
672 4523 820 4576 nostram.
865 4524 899 4575 nt
920 4512 980 4596 ipsi
999 4511 1126 4575 concedi

102 4626 167 4669 uon
184 4615 349 4690 oporteret,
368 4607 395 4671 si
412 4607 444 4671 in
457 4619 581 4673 nostros
595 4607 674 4672 fines
687 4607 837 4691 impetum
850 4606 975 4682 faceret,
995 4605 1040 4669 sic
1052 4605 1127 4667 item
