2692 5206
454 781 570 839 COlth
588 783 622 840 V.
641 783 762 839 52-55.
1076 778 1119 843 93

90 907 299 998 explorabant
320 917 533 990 nocturnaque
554 907 587 971 in
609 909 687 974 loeis
714 909 844 975 desertis
866 911 997 977 concilia
1022 912 1118 978 habe-

89 1005 178 1071 hant.
220 1024 325 1087 neque
342 1001 442 1067 ullum
466 1000 530 1066 sere
554 1003 649 1068 totius
670 1002 782 1068 hiemis
801 1014 923 1089 tempus
946 1005 1014 1070 sine
1033 1006 1117 1071 solli-

90 1099 231 1166 eitudine
249 1096 397 1162 Caesaris
415 1096 603 1173 intercessit,
622 1097 698 1182 quin
716 1097 851 1180 aliquem
868 1098 907 1162 de
925 1100 1062 1165 consiliis
1080 1123 1118 1164 ac

89 1202 180 1258 motu
193 1187 357 1257 Gallorum
374 1189 517 1253 nuntium
534 1191 698 1276 acciperet.
724 1192 758 1255 in
769 1190 819 1256 his
833 1190 873 1255 ah
885 1191 988 1257 Lucio
1000 1193 1117 1259 Roscio

90 1282 299 1374 {quaestore}
318 1305 412 1368 quem
430 1283 547 1370 legioni
565 1285 814 1350 tertiaedecimae
831 1284 1033 1370 praefecerat,
1051 1309 1118 1352 cer-

89 1383 153 1446 tior
169 1380 274 1445 sactus
292 1391 350 1455 est,
371 1400 501 1465 magnas
516 1375 680 1444 Gallorum
697 1380 804 1466 copias
822 1402 929 1445 earum
946 1380 1116 1460 civitatum,

90 1496 175 1558 qnae
191 1472 394 1539 Aremoricae
413 1473 623 1558 appellantur,
645 1474 850 1562 oppugnandi
865 1475 913 1540 sui
931 1497 1028 1541 causa
1045 1498 1118 1540 con-

91 1568 219 1634 venisse
235 1587 337 1650 neque
355 1566 479 1652 longius
496 1567 582 1631 milia
594 1590 747 1653 passuum
760 1578 830 1633 octo
843 1568 883 1633 ab
896 1567 1034 1634 hibernis
1052 1570 1117 1633 suis
1161 1644 1163 1649 ¹

89 1662 221 1739 aluisse,
240 1660 298 1726 sed
314 1660 421 1725 nuntio
440 1660 533 1726 allato
551 1662 737 1727 devictoris
757 1660 904 1727 Caesaris
923 1661 1116 1739 discessisse,

90 1758 173 1821 adeo
188 1766 224 1819 ut
241 1749 338 1840 fugae
355 1753 466 1818 similis
484 1754 645 1820 discessus
664 1755 828 1820 rideretur.
855 1765 888 1819 at
902 1753 1021 1821 Caesar
1033 1756 1118 1840 prin·
1135 1777 1168 1824 54

90 1849 216 1935 cipibus
239 1849 390 1932 cuiusque
412 1848 547 1913 civitatis
569 1849 610 1913 ad
633 1872 667 1914 se
689 1849 826 1915 evocatis
844 1849 922 1914 alias
939 1850 1117 1927 territando,

89 1965 164 2007 eum
183 1964 219 2007 se
236 1942 330 2020 scire,
353 1963 433 2025 quae
452 1941 574 2020 fierent,
597 1944 805 2021 denuntiaret,
832 1943 910 2008 alias
928 1942 1117 2009 cohortando

89 2058 242 2122 magnam
258 2044 379 2121 partem
398 2033 520 2101 Galliae
538 2036 570 2099 in
588 2036 692 2101 efficio
709 2038 816 2103 tenuit
845 2049 950 2103 tamen
964 2034 1116 2116 Senones,

89 2152 174 2214 quae
196 2139 247 2195 est
268 2129 378 2194 civitas
400 2131 432 2194 in
454 2130 563 2214 primis
585 2130 675 2195 firma
696 2141 727 2195 et
748 2155 881 2218 magnae
903 2132 984 2197 inter
1006 2129 1116 2198 Galles

89 2224 302 2302 auctoritatis,
330 2223 536 2302 Cavarinum,
563 2246 658 2307 quem
681 2222 800 2290 Caesar
820 2226 904 2310 apud
931 2248 985 2291 eos
1007 2247 1115 2312 regem

90 2319 310 2395 constituerat,
338 2319 427 2383 euius
444 2318 540 2383 frater
557 2317 751 2406 Moritasgus
773 2320 909 2385 adventu
926 2320 958 2385 in
976 2318 1113 2386 Galliam

91 2411 241 2479 Caesaris
259 2413 411 2497 cuiusque
424 2413 557 2478 maiores
570 2436 702 2500 regnum
715 2414 920 2491 obtinuerant,
941 2414 1113 2479 interficere

89 2506 220 2592 publico
241 2507 372 2572 consilio
393 2507 509 2584 conati,
536 2530 608 2572 eum
629 2509 681 2572 ille
702 2509 928 2593 praesensisset
950 2529 987 2573 ae
1004 2508 1112 2594 prosu-

90 2601 201 2688 gisset,
220 2602 375 2686 usquead
388 2601 465 2666 fines
479 2602 620 2680 insecuti,
639 2625 735 2688 regno
749 2603 905 2685 domoque
918 2601 1112 2687 expulerunt,

90 2704 122 2758 et
137 2694 247 2760 missis
265 2695 306 2759 ad
325 2694 494 2760 Caesarem
512 2695 727 2760 satisfaciundi
745 2718 840 2760 causa
856 2695 978 2781 legatis,
997 2716 1070 2758 eum
1086 2695 1114 2758 is

90 2810 218 2854 omnem
235 2788 277 2853 ad
290 2811 325 2854 se
338 2799 480 2854 senatum
495 2791 597 2854 venire
610 2790 763 2866 iussisset,
781 2789 864 2853 dieto
877 2788 1038 2852 audientes
1052 2809 1115 2851 non

89 2882 228 2947 suertmt.
273 2892 393 2947 tantum
411 2883 495 2968 apud
512 2883 654 2948 homines
672 2882 822 2948 barbaros
845 2881 952 2959 valuit,
970 2902 1040 2946 esse
1058 2880 1113 2945 ali-

90 2997 172 3060 quos
193 2986 334 3062 repertos
361 2977 517 3063 principes
541 2977 614 3042 belli
636 2976 790 3042 inserendi
813 2985 993 3059 tantamque
1015 2974 1114 3040 omni·

89 3069 153 3135 bus
165 3069 361 3135 voluntatum
375 3071 647 3136 commutationem
657 3070 768 3148 attulit,
786 3080 821 3134 ut
830 3079 952 3155 praeter
960 3068 1112 3133 Haeduos

90 3175 122 3231 et
138 3165 275 3243 Remos,
299 3187 378 3250 quos
396 3166 564 3251 praecipuo
583 3188 706 3252 semper
722 3165 840 3231 honore
859 3162 978 3229 Caesar
994 3161 1112 3238 habuit,

88 3259 208 3324 alteros
229 3282 286 3345 pro
310 3270 415 3324 vetere
436 3281 474 3324 ac
495 3269 645 3346 perpetua
666 3283 741 3346 erga
766 3258 916 3344 populum
937 3257 1115 3322 Romanum
1185 3285 1188 3291 ·

88 3354 165 3429 lide,
182 3353 297 3419 alteros
315 3376 372 3439 pre
389 3354 564 3420 recentibus
584 3352 698 3419 Gallici
716 3353 789 3419 belli
807 3352 928 3428 officiis,
946 3351 1032 3415 nulla
1049 3349 1115 3414 scre

89 3447 204 3512 civitas
223 3447 321 3512 fuerit
343 3471 406 3512 non
424 3458 571 3533 suspecta
588 3447 688 3513 nobis.
731 3447 825 3529 idque
847 3446 925 3510 adeo
947 3445 1032 3510 haud
1050 3444 1115 3509 seio

88 3541 308 3607 mirandumne
331 3543 386 3620 sit,
413 3565 484 3606 cum
508 3542 720 3627 compluribus
742 3541 811 3605 aliis
837 3540 876 3605 de
903 3540 1021 3617 causis,
1047 3549 1115 3603 tum

89 3637 238 3714 maxime,
258 3637 342 3720 quod
360 3636 398 3712 ei,
416 3635 470 3720 qui
488 3636 602 3700 virtute
620 3635 693 3700 belli
711 3634 854 3700 omnibus
867 3632 1012 3720 gentibus
1026 3654 1112 3717 prae-

88 3729 287 3806 ferebantur,
314 3738 434 3793 tantum
457 3751 491 3793 se
514 3730 581 3794 eius
608 3729 762 3814 opinionis
785 3727 1013 3812 deperdidisse,
1039 3734 1074 3789 ut
1095 3749 1115 3789 a

89 3826 209 3911 populo
226 3824 371 3890 Romano
393 3824 524 3908 imperia
540 3825 727 3909 perferrent,
754 3824 940 3910 gravissime
958 3821 1112 3886 dolebant.

91 3918 225 3985 Treveri
249 3940 324 3984 vero
350 3928 444 4003 atque
469 3919 704 3984 Indutiomarus
729 3920 824 3983 totius
855 3918 967 3982 hiemis
994 3916 1114 3981 nullum
1133 3937 1165 3983 ss

91 4022 218 4100 tempus
236 4013 481 4090 intermiserunt,
508 4014 584 4097 quin
606 4023 691 4078 trans
709 4012 856 4078 Rhenum
872 4011 992 4097 legatos
1014 4009 1116 4074 mitte-

91 4117 174 4185 rent,
192 4108 336 4173 eivitates
355 4108 568 4185 sollicitarent,
586 4107 735 4193 pecunias
753 4106 981 4191 pollicerentur,
999 4128 1115 4191 magna

91 4212 180 4286 parte
197 4202 353 4266 exercitus
371 4202 469 4267 ncshi
486 4201 649 4267 interfecta
665 4201 763 4265 multe
781 4200 933 4264 minorem
950 4221 1115 4285 superesse

93 4295 232 4360 dicerent
254 4304 385 4380 partem.
428 4317 530 4378 neque
551 4305 656 4366 tamen
677 4295 733 4359 ulli
750 4293 868 4358 civitati
887 4291 1115 4360 Germanorum

92 4388 274 4474 persuaderi
295 4389 410 4474 potuit,
436 4402 472 4453 ut
489 4388 635 4454 Rhenum
657 4389 815 4465 transiret,
843 4411 915 4453 eum
938 4410 972 4453 se
994 4387 1043 4452 bis
1062 4409 1115 4450 ex-

91 4491 197 4567 pertos
219 4482 371 4560 dicerent,
397 4482 549 4549 Ariovisti
570 4483 652 4549 belle
674 4493 706 4547 ct
727 4483 952 4547 Tencterorum
969 4480 1115 4546 transitu:

91 4598 155 4643 uon
176 4598 248 4645 esse
270 4578 403 4666 amplius
421 4578 576 4647 fortunam
599 4587 812 4664 temptaturos.
857 4577 917 4643 hae
935 4598 991 4662 spe
1007 4575 1114 4662 lapsus
