2692 5206
197 1333 454 1395 FRIDERIOUS
471 1332 648 1392 KRANER
669 1331 900 1394 FRIDERICO
918 1332 1110 1394 FRANKIO
1130 1333 1158 1394 S.

167 1565 284 1619 Habere
295 1581 347 1619 sua
356 1563 417 1618 sata
426 1563 539 1617 libellos
549 1562 607 1617 alia
615 1579 670 1633 ego
689 1562 759 1617 nihil
777 1561 889 1618 difficile
911 1562 1034 1632 videtur,
1051 1563 1224 1634 ¹saepissime

131 1634 244 1688 ratione
258 1638 345 1703 atque
362 1631 448 1701 vulgo
468 1631 524 1687 dici
537 1631 612 1685 solet
626 1647 671 1685 ex·
689 1631 832 1753 guomodo
847 1631 1067 1700 interpretentur
1086 1639 1114 1686 et
1132 1648 1224 1686 emen·

130 1706 309 1771 pertaesum.
336 1698 407 1754 Cum
416 1699 483 1752 mibi
498 1699 670 1769 scripsisses,
709 1706 757 1753 ent
766 1699 1086 1769 nesciunttantomagis
1096 1707 1225 1769 augetur,

130 1766 671 1836 teBernhurdoTauchnitziosuasisse,
689 1767 713 1820 si
736 1767 840 1820 dudum
862 1767 1015 1820 intellectis
1044 1767 1226 1837 plurimorum

130 1844 164 1890 ut
187 1835 320 1890 Caesaris
346 1834 450 1890 edendi
477 1834 671 1889 condicionem
690 1836 815 1889 locorum
829 1834 1046 1888 difficultatibus
1065 1843 1093 1888 et
1112 1852 1226 1905 eorrup-

129 1904 200 1957 mihi
209 1909 391 1972 proponeret,
411 1903 672 1973 eamquenumvel-
689 1903 813 1957 tionibus
831 1919 888 1957 non
910 1909 1018 1972 mmen,
1037 1920 1122 1974 quam
1144 1903 1226 1958 itera·

131 1972 337 2040 lemaccipere,
355 1977 498 2051 rogasses,
518 1971 671 2040 reisquan·
690 1978 735 2024 tae
754 1987 838 2025 curae
857 1971 1003 2040 postulare
1017 1971 1162 2040 videntur,
1177 1971 1228 2025 ad-

129 2050 232 2107 tepere
243 2040 439 2092 dubitaverim.
466 2038 670 2092 Primumenim
690 2039 786 2092 hibere
805 2039 944 2109 contingit
966 2039 1147 2093 curationem.
1182 2039 1226 2094 Ira

128 2108 212 2161 nolui
231 2106 260 2160 in
278 2106 378 2161 eodem
400 2123 512 2175 semper
533 2105 671 2176 scriptore
689 2105 793 2161 factum
803 2112 856 2173 eet,
866 2114 898 2160 ut
907 2107 1014 2175 pridem
1025 2107 1159 2162 inchoata
1168 2107 1226 2162 edi·

129 2177 261 2241 haerere,
280 2174 329 2244 qui
342 2175 438 2244 plures
452 2191 504 2244 per
519 2190 611 2227 annos
628 2191 670 2228 re·
689 2176 728 2228 tio
747 2193 822 2229 nunc
840 2176 949 2229 demum
969 2176 1098 2245 prodeat,
1116 2176 1226 2246 aliquo·

128 2243 221 2313 petita
231 2242 417 2313 occupatione
429 2258 475 2296 me
489 2242 619 2307 detInuit,
637 2258 672 2296 ac
689 2243 743 2296 ties
757 2243 920 2313 interruptis
934 2244 1128 2314 potiusquam
1143 2244 1225 2298 omis·

129 2311 276 2365 desiderio
291 2311 414 2380 quodam
432 2310 568 2364 trahebar
581 2309 618 2364 ad
637 2325 672 2363 ea
689 2312 728 2363 sis
747 2311 856 2365 studiis.
888 2310 971 2366 Hanc
984 2313 1021 2366 ad
1039 2318 1081 2379 te,
1100 2312 1142 2365 vir
1159 2311 1226 2366 arni·

128 2380 328 2446 retractanda,
356 2395 429 2448 quae
458 2394 598 2447 seponere
626 2394 670 2431 co·
689 2377 813 2445 cissime,
831 2378 908 2459 misi,
927 2385 956 2433 et
973 2380 1041 2449 quia
1053 2396 1131 2434 meae
1150 2380 1179 2433 in
1196 2385 1226 2434 te

129 2453 308 2501 actueeram.
336 2445 447 2500 Deinde
461 2446 616 2499 absterruit
626 2461 670 2499 me
688 2446 843 2500 voluntatis
868 2447 985 2516 aliquod
1012 2453 1123 2502 exstare
1150 2446 1227 2502 vole·

129 2514 234 2583 religio
245 2515 393 2584 quaedam.
420 2511 489 2567 Cum
499 2513 573 2567 enim
583 2530 672 2582 nuper
689 2514 754 2568 bam
785 2517 1000 2581 documentum,
1032 2520 1062 2568 et
1092 2515 1226 2585 quoniam

129 2582 284 2635 admodum
294 2582 410 2636 scholae
419 2583 562 2651 regendae
571 2599 670 2634 munus
689 2582 763 2635 hunc
781 2582 893 2649 librum,
911 2598 993 2661 quern
1011 2590 1044 2636 ut
1061 2583 1174 2636 ederem
1195 2590 1226 2636 tu

131 2650 335 2718 suscepissem,
363 2666 422 2704 non
439 2650 577 2718 putabam
597 2666 670 2702 eom·
688 2649 754 2702 mibi
771 2656 871 2703 auctor
888 2649 976 2718 fuisti,
995 2650 1035 2704 ita
1049 2657 1126 2703 tuum
1145 2657 1224 2719 puto,

130 2717 299 2771 mittendum
314 2734 386 2781 esse,
404 2722 437 2770 ut
450 2717 533 2771 huius
548 2717 670 2771 muneris
688 2726 727 2784 ut,
739 2717 763 2769 si
772 2717 919 2786 poeniteat
931 2718 1006 2771 viros
1021 2718 1121 2770 doctos
1132 2734 1227 2772 susce·

131 2783 237 2838 officiis
272 2785 427 2864 quidquam
459 2785 594 2864 temporis
626 2786 670 2839 vel
709 2792 836 2838 taeamc
847 2800 951 2864 operae
967 2784 1081 2854 -ride,
1092 2787 1225 2855 quamlu·

130 2853 219 2907 etiam
234 2853 298 2921 otir,
337 2854 394 2906 uod
411 2858 500 2907 toturn
516 2853 572 2905 rllis
586 2853 670 2908 debe·
688 2802 797 2905 Ericum
811 2851 849 2904 sit
862 2857 1079 2905 intercessorem
1098 2869 1227 2921 agere—

129 2937 201 2985 rom,
221 2870 442 2975 subtraberetur.
473 2920 585 2974 Exemlt
603 2920 670 2975 mihi
689 2926 717 2975 te
734 2921 763 2973 in
783 2921 884 2989 culpae
903 2934 982 2973 meae
999 2925 1111 2999 partem
1129 2937 1227 2976 rocem

129 3006 167 3042 ex
179 2996 260 3057 parte
271 3005 332 3042 eam
347 2989 551 3042 dubitationem
565 2988 608 3041 vir
621 2990 669 3042 bo·
689 3004 807 3058 eamque
818 3003 926 3041 mecum
936 2994 1075 3042 sustinere
1085 3004 1194 3068 cogam.

127 3056 324 3122 nestissimus,
349 3056 396 3126 qui
422 3056 619 3125 polliceretur,
639 3073 669 3110 se
723 3057 814 3120 Quam
824 3055 1059 3126 postulatbarum
1070 3055 1227 3110 editionum

128 3129 243 3177 tantum
253 3124 460 3193 mibiternporis
470 3140 669 3177 concessurum
689 3126 803 3179 ratioet
817 3124 974 3177 institutum
985 3125 1020 3177 dc
1034 3124 1157 3178 auctoris
1167 3125 1227 3179 rita

127 3208 210 3257 esse,
230 3197 366 3261 quantum
382 3191 506 3245 rationes
524 3208 602 3245 meae
620 3166 717 3299 polet
731 3193 842 3262 scriptis
857 3192 1131 3261 commentationem,
1150 3193 1178 3246 in
1192 3209 1226 3248 ea

128 3260 290 3312 stulaturae
309 3265 413 3313 essent.
447 3259 543 3329 Atque
562 3275 595 3313 ea
611 3261 832 3341 qui-,quomodo
843 3261 1010 3314 versandum
1025 3261 1092 3313 milri
1103 3277 1166 3315 esse
1176 3277 1226 3330 pu·

127 3328 197 3380 dem
215 3334 359 3394 potestate
379 3327 541 3381 etlicentia
559 3328 671 3396 plonius
690 3329 819 3392 laverim,
856 3329 956 3397 paucis
988 3329 1138 3382 dicendum
1174 3335 1226 3382 ost.

127 3411 201 3447 usus
217 3411 288 3462 sum,
305 3412 398 3465 quarn,
413 3411 476 3448 cum
494 3413 551 3448 rom
572 3412 671 3485 aggre·
690 3397 754 3452 Non
763 3402 860 3467 potest
869 3396 985 3451 difficile
995 3396 1093 3464 videri,
1109 3398 1136 3449 in
1147 3402 1228 3451 tanta

129 3465 225 3529 derer,
232 3463 356 3516 futurum
367 3479 430 3517 csso
440 3463 584 3532 putabam.
599 3465 617 3516 'l
627 3480 672 3517 am
688 3482 781 3519 rorum
792 3465 882 3534 eopia,
890 3482 962 3535 quae
971 3465 1139 3519 uberrimam
1145 3481 1227 3533 prae·

127 3531 223 3584 multa
237 3531 312 3585 enirn
330 3531 552 3598 intervenerunt,
570 3532 671 3601 partim
690 3534 739 3587 bct
753 3533 895 3586 scribendi
910 3533 1062 3600 materiem,
1077 3533 1164 3586 vitam
1177 3533 1226 3587 ho·

127 3606 224 3668 grata,
233 3600 336 3668 partim
347 3600 672 3669 ingrata,inerspectata
691 3599 772 3653 minis
786 3601 823 3655 ab
838 3601 961 3670 antiquis
976 3608 1005 3655 et
1022 3600 1227 3655 recentioribus

126 3668 278 3737 pleraque,
297 3674 331 3721 ut
344 3667 381 3722 ab
395 3668 525 3721 instituto
536 3684 622 3737 opere
637 3669 672 3721 ad
691 3685 782 3737 rerum
818 3669 1004 3738 scriptoribus
1039 3668 1227 3722 celebratissi-

124 3735 188 3789 alia
206 3735 303 3789 omnia
327 3735 507 3790 distraheret.
542 3736 673 3789 Accessit
692 3737 913 3807 mampersequi.
951 3736 1007 3789 Sed
1023 3752 1057 3790 ea
1072 3736 1135 3804 ipsa
1145 3737 1227 3807 copia

128 3803 389 3858 Weidmannianae
408 3804 672 3858 commentariorum
691 3812 719 3858 et
741 3805 918 3859 abundantia
939 3802 1117 3857 difficultatis
1140 3820 1228 3858 causa

126 3871 265 3926 editionis
279 3872 379 3926 iterum
394 3873 536 3927 curandae
551 3872 672 3926 necessi·
691 3881 748 3941 est,
777 3890 839 3926 eum
858 3889 921 3927 earn
943 3872 1072 3940 angustis
1083 3873 1226 3994 ,smmi

126 3948 266 4010 tas,quae
276 3940 404 4011 quamvis
414 3942 451 3994 ab
461 3940 524 4009 ipso
535 3942 673 4010 scriptore
691 3941 816 3995 terminis
830 3941 1069 4008 comprehendere
1103 3939 1226 3995 ifficilius

125 4025 189 4062 non
217 4016 364 4077 avocaret,
391 4009 553 4063 inchoatam
579 4016 673 4063 tamen
692 4009 737 4075 sit,
754 4026 837 4080 quem
849 4009 963 4087 copiose
972 4015 1155 4089 pertractare.
1172 4010 1226 4064 Re·

126 4077 206 4129 banc
234 4093 349 4145 operam
376 4078 540 4131 retardarit
591 4077 673 4131 Nosti
692 4077 830 4146 liquorum
842 4095 914 4131 enim
925 4083 1090 4146 scriptorum
1101 4078 1226 4133 etGrac·

127 4145 217 4198 etiam
243 4161 383 4199 morosam
412 4147 555 4215 quandam
582 4162 672 4199 meam
692 4145 1227 4202 corumetRomanorumtantumnon

125 4211 338 4267 dubitationem
344 4214 593 4280 etcunctationem,
601 4229 673 4284 quae
692 4213 813 4266 omnium
827 4212 959 4283 primaria
972 4215 1035 4269 laus
1050 4215 1110 4284 ipso
1121 4215 1227 4269 littera·

126 4296 188 4350 quo
199 4280 304 4335 diutius
313 4282 343 4335 in
353 4281 408 4335 hoc
418 4282 555 4351 scriptore
565 4297 671 4347 versor,
690 4298 751 4334 rum
773 4298 877 4351 genere
900 4283 1061 4336 continetur
1080 4282 1227 4354 omnisque

126 4364 216 4419 quern
248 4350 341 4427 pueris
370 4349 523 4404 destinarit
554 4349 671 4403 scholae
691 4348 1226 4404 eorummemoriaadlitterarumbisto·

126 4432 210 4477 usus,
230 4418 281 4470 vrri
291 4417 367 4472 docti
377 4424 471 4472 autem
482 4424 596 4488 praeter
605 4417 671 4472 bea·
690 4418 758 4472 riam
777 4417 914 4487 pertinet3
944 4418 1002 4472 vita
1025 4418 1087 4486 ipsa
1110 4424 1160 4472 aut
1177 4418 1226 4472 ob·

126 4493 177 4536 tos
192 4484 267 4552 illos,
287 4486 379 4556 quiin
393 4486 472 4540 nulla
485 4503 515 4540 rc
526 4484 672 4539 offendunt
690 4485 798 4539 scurior
817 4492 861 4540 est
884 4491 932 4540 aut
950 4487 1008 4540 otio
1026 4485 1118 4556 magis
1141 4503 1224 4556 quam

127 4550 293 4622 quibusque
322 4559 351 4607 et
376 4553 493 4623 placent
521 4554 616 4610 omnia
642 4561 672 4608 et
689 4553 811 4625 negotiis
830 4555 914 4608 clara.
960 4552 1111 4609 Caesarem
1134 4556 1162 4607 in
1181 4570 1226 4606 ox·
