2692 5206
410 810 526 867 coust
543 812 609 867 1111.
625 813 745 868 26-31.
1042 800 1082 866 67

45 945 147 1025 portu
172 935 237 1001 leni
262 945 357 1000 vento
383 935 549 1000 solverunt.
594 958 674 1021 quae
700 958 773 1001 cum
799 936 1082 1022 appropinquarent

48 1028 239 1095 Britanniae
256 1039 289 1094 et
306 1051 346 1093 ex
363 1030 472 1095 castris
486 1031 674 1108 viderentur,
693 1040 779 1096 tanta
792 1041 961 1116 tempestas
976 1030 1081 1097 subito

50 1134 163 1190 onoma
181 1133 240 1200 est,
258 1122 396 1187 utnulla
412 1146 520 1188 earum
537 1146 663 1190 cursum
681 1136 786 1189 tenere
798 1134 914 1210 posset,
933 1126 990 1190 sed
1002 1125 1082 1190 aliae

52 1217 183 1295 eodem,
208 1217 294 1281 unde
311 1228 400 1281 erant
416 1218 588 1303 profectae,
615 1218 817 1296 referrentur,
844 1218 923 1283 aliae
944 1219 984 1283 ad
1001 1219 1083 1284 infe-

51 1312 170 1377 riorem
191 1320 313 1395 partem
335 1310 470 1389 insvdac,
497 1333 578 1395 quae
601 1321 649 1376 est
671 1312 802 1397 propius
829 1311 903 1377 solis
925 1334 1082 1390 occasum,

54 1427 172 1492 magno
191 1405 240 1470 sui
257 1427 329 1470 cum
344 1406 483 1491 periculo
502 1407 699 1471 deicerentur
705 1432 714 1484 ;
737 1428 817 1490 quae
835 1417 940 1471 tamen
960 1407 1082 1472 ancoris

54 1499 146 1565 iactis
154 1522 228 1564 cum
241 1498 386 1564 ductibus
401 1500 639 1584 complerentur,
660 1501 838 1565 necessario
851 1501 984 1565 adversa
991 1511 1082 1565 nocte

55 1595 90 1659 in
106 1593 205 1658 altum
226 1604 394 1679 provectae
417 1595 626 1660 continentem
649 1595 814 1680 petierunt.
859 1594 968 1660 cadem
989 1606 1079 1659 nocte
1098 1616 1137 1662 ev.

55 1687 180 1764 accidit,
198 1698 234 1750 ut
252 1698 335 1752 esset
352 1688 427 1752 luna
443 1688 546 1773 plena,
564 1689 617 1772 qui
630 1689 697 1753 dics
712 1689 884 1754 maritimos
898 1699 1003 1753 aestus
1017 1712 1084 1753 ma-

55 1781 160 1845 ximos
178 1781 211 1845 in
230 1779 361 1846 Oceano
378 1781 503 1846 efficere
520 1783 691 1860 consuevit,
709 1783 885 1867 nostrisque
903 1783 936 1846 id
953 1793 1019 1847 erat
1035 1783 1083 1846 in-

56 1875 227 1963 cognitum.
254 1875 298 1938 ita
314 1897 378 1939 uno
390 1888 529 1960 tempore
542 1885 573 1941 et
585 1876 696 1962 longas
710 1899 818 1954 naves,
835 1877 950 1961 quibus
965 1876 1084 1942 Caesar

56 1969 229 2035 exereitum
251 1971 524 2053 transportandum
550 1981 712 2035 curaverat
738 1992 879 2054 quasque
905 1970 937 2034 in
959 1970 1080 2034 aridum

57 2064 264 2141 subduxerat,
295 2075 400 2129 aestus
426 2065 648 2150 compleverat,
675 2076 706 2130 et
732 2066 904 2143 onerarias,
934 2086 1015 2150 quae
1041 2065 1082 2128 ad

56 2180 189 2223 ancoras
207 2167 295 2222 erant
312 2158 481 2245 deligatae,
506 2171 674 2243 tempestas
692 2158 877 2236 afflictabat,
898 2180 1000 2243 neque
1017 2158 1081 2223 ulla

56 2252 172 2317 nostris
195 2251 328 2316 facultas
347 2262 400 2316 aut
418 2252 655 2317 administrandi
673 2264 726 2317 aut
751 2253 922 2318 auxiliandi
938 2252 1080 2318 dabatur.

58 2346 271 2432 compluribus
290 2346 422 2411 navibus
445 2347 552 2411 fractis
569 2347 708 2431 reliquae
726 2370 798 2412 curn
821 2356 926 2413 essent
942 2346 1081 2422 funibus,

59 2440 180 2504 ancoris
207 2440 398 2523 reliquisque
423 2441 623 2506 armamentis
649 2442 773 2506 amissis
805 2442 846 2506 ad
870 2441 1082 2527 navigandum

60 2533 194 2611 inutiles,
212 2556 343 2619 magna,
360 2535 394 2598 id
411 2535 496 2617 quod
512 2557 642 2600 neeesse
660 2545 726 2600 erat
743 2535 897 2613 accidere,
915 2535 1010 2600 totius
1028 2557 1083 2598 ex-

61 2626 172 2692 ercitus
199 2627 393 2713 perturbatio
419 2628 503 2693 saeta
529 2639 587 2693 est.
635 2651 737 2713 noque
764 2630 847 2693 enim
872 2650 968 2692 naves
995 2637 1083 2691 erant

63 2720 148 2797 aliae,
165 2720 283 2804 quibus
300 2722 449 2807 reportari
467 2734 606 2808 possent,
624 2732 656 2787 et
673 2723 778 2786 omnia
794 2724 930 2800 deerant,
949 2742 1028 2805 quae
1042 2720 1083 2784 ad

64 2814 244 2879 reficiendas
261 2837 359 2880 naves
377 2826 465 2879 erant
481 2818 567 2892 usui,
586 2826 630 2894 et,
654 2817 738 2899 quod
756 2815 900 2880 omnibus
918 2813 1083 2879 constabat

67 2905 190 2972 hiemari
206 2909 240 2971 in
258 2905 363 2973 Gallia
380 2920 530 2994 oportere,
549 2910 739 2974 fmmentnm
756 2908 806 2974 his
824 2909 857 2973 in
873 2908 950 2973 loeis
968 2909 1001 2971 in
1018 2907 1084 2970 hie-

73 3022 146 3064 mem
161 3002 322 3087 provisum
339 3026 403 3067 non
420 3015 495 3068 erat

128 3093 252 3176 Quibus
273 3095 367 3161 rebus
389 3098 521 3183 cognitis
542 3098 697 3183 principos
715 3095 910 3172 Britanniae,
935 3095 988 3178 qui
1010 3105 1081 3179 post
1099 3114 1131 3161 :to

80 3188 212 3267 proelium
226 3190 267 3254 ad
281 3188 451 3255 Caesarem
465 3203 683 3269 convenerant,
701 3191 780 3255 inter
793 3214 826 3255 se
840 3189 993 3265 collocuti,
1012 3210 1083 3252 cum

10 3348 12 3355 ,
84 3281 184 3361 quites
200 3294 231 3348 et
248 3307 345 3348 naves
363 3294 394 3348 et
411 3285 602 3350 frumentum
620 3285 771 3350 Romanis
794 3285 905 3349 deesse
923 3283 1084 3367 intellege-

88 3384 138 3437 reat
151 3387 181 3439 et
195 3378 384 3463 paucitatem
396 3380 530 3443 militum
543 3401 582 3444 cx
596 3390 768 3444 castrorum
782 3378 950 3464 exiguitate
968 3399 1084 3462 cogno-

92 3482 194 3547 ruent,
211 3493 293 3556 quae
310 3472 370 3536 boc
388 3483 474 3536 crant
491 3473 585 3538 etiam
598 3474 789 3559 angustiora,
807 3473 891 3556 quod
905 3472 971 3536 sine
985 3472 1084 3555 impe-

94 3553 208 3629 laam
227 3563 348 3631 Cacsar
363 3567 503 3653 legiones
522 3577 799 3652 transportaverat,
825 3566 977 3651 optimum
997 3566 1084 3628 factu

96 3669 144 3719 tare
157 3657 306 3725 duxerunt
323 3661 491 3727 rebellione
508 3662 591 3726 saeta
609 3662 767 3727 frumento
778 3670 1015 3743 commeatuque
1028 3682 1085 3721 no-

98 3754 153 3813 tuor
166 3754 326 3837 prohibere
345 3766 376 3820 et
392 3779 459 3821 rem
474 3758 508 3821 in
525 3756 660 3821 hiemem
673 3756 853 3841 producere,
872 3754 957 3838 quod
969 3752 1018 3815 his
1033 3774 1085 3815 su-

98 3844 180 3916 lffllla
191 3859 245 3913 aut
256 3850 359 3915 reditu
370 3850 545 3915 interclusis
555 3851 712 3914 neminem
724 3859 834 3935 postea
846 3848 919 3913 belli
932 3844 1085 3910 inferendi

100 3940 209 4005 tttsain
224 3941 421 4008 Britanniam
437 3945 638 4008 transiturum
655 3942 861 4008 confidebant.
896 3943 1001 4024 itaque
1017 3962 1085 4003 rur-

100 4035 343 4102 tuanumtione
355 4037 439 4103 faeta
451 4039 601 4123 paulatim
615 4061 654 4102 ex
667 4038 777 4102 castris
786 4037 945 4101 discedere
959 4056 996 4098 ac
1010 4056 1084 4098 suos

99 4114 154 4187 lhm
167 4148 203 4194 ex
217 4132 303 4219 agris
321 4132 475 4198 deducere
498 4142 677 4219 coeperunt.
720 4142 751 4196 at
770 4129 902 4208 Caesar,
926 4129 984 4194 etsi
1007 4151 1085 4193 non·
1103 4150 1132 4195 31

99 4208 265 4319 d‚luteorum
282 4228 414 4293 consilia
431 4239 635 4315 cognoverat,
662 4237 767 4292 tamen
788 4238 819 4291 et
837 4249 876 4290 ex
898 4237 1012 4290 eventu
1030 4249 1085 4290 na·

98 4322 295 4386 ”laruarum
313 4332 401 4387 etex
420 4344 471 4399 eo,
494 4323 580 4406 quod
602 4322 729 4387 obsides
751 4322 824 4385 dare
847 4320 1083 4396 intermiserant,

97 4394 144 4468 lle
156 4409 192 4489 id,
208 4415 294 4499 quod
306 4417 428 4493 accidit,
447 4416 672 4502 suspicabatur.
699 4416 804 4499 itaque
818 4417 857 4480 ad
871 4438 978 4480 omnes
993 4436 1084 4479 casus

96 4495 206 4598 fflbtldia
221 4510 432 4595 comparabat.
466 4535 539 4575 nam
558 4521 589 4575 et
605 4512 796 4575 frumentum
814 4535 854 4575 ex
872 4511 955 4596 agris
973 4509 1085 4574 cotidie

96 4608 225 4667 masna
249 4605 430 4672 conferebat
456 4618 487 4671 et
513 4627 594 4689 quae
624 4605 809 4692 gravissime
836 4605 970 4669 afflictae
997 4613 1083 4668 erant

879 4705 914 4756 5*
