2738 5272
271 785 314 850 24
585 796 637 851 DE
655 795 781 853 BELLO
801 794 968 855 caumco

272 943 328 987 nos
346 943 416 986 esse
433 920 566 1004 iniquos,
584 921 687 1002 quiin
706 943 763 985 suo
776 921 842 985 iure
856 942 890 984 se
902 919 1177 1005 interpellaremus.
1204 922 1293 1006 qued

271 1017 382 1081 fratres
400 1038 420 1080 a
437 1024 546 1079 senatu
564 1014 715 1080 Haeduos
738 1014 908 1100 appellatos
930 1015 1057 1093 diceret,
1084 1036 1148 1078 nen
1171 1028 1292 1081 setam

271 1109 437 1175 barbarum
454 1130 554 1192 neque
572 1119 636 1172 tam
652 1109 830 1193 imperitum
848 1130 918 1174 esse
930 1131 1043 1185 rerum,
1061 1117 1176 1174 utnon
1195 1110 1289 1175 sciret

271 1224 371 1285 neque
389 1201 470 1268 bello
488 1200 696 1286 Allobrogum
712 1203 854 1287 proximo
867 1202 1018 1267 Haeduos
1031 1201 1182 1267 Romanis
1200 1204 1291 1267 auxi-

271 1297 347 1361 lium
366 1296 473 1360 tulisse
491 1317 591 1379 neque
608 1296 694 1380 ipsos
713 1296 745 1359 in
763 1295 812 1360 his
831 1295 1088 1373 contentionibus,
1107 1317 1186 1379 quas
1200 1296 1290 1362 Hae-

271 1391 326 1455 dui
351 1412 457 1456 secum
483 1399 514 1453 et
540 1411 612 1453 cum
640 1387 795 1473 Sequanis
817 1389 1012 1467 habuissent,
1039 1389 1155 1455 auxilio
1179 1391 1290 1475 populi

270 1485 405 1550 Romani
417 1506 493 1548 usos
506 1505 586 1548 esse.
609 1483 721 1548 debere
736 1505 770 1548 se
789 1483 940 1568 suspicari
959 1483 1103 1548 simulata
1117 1482 1289 1550 Caesarem

272 1579 415 1655 amicitia,
434 1577 518 1661 quod
535 1577 704 1641 exercitum
718 1577 751 1640 in
765 1575 869 1642 Gallia
885 1576 1008 1654 habeat,
1027 1577 1075 1642 sui
1092 1577 1290 1661 opprimendi

271 1695 366 1738 causa
382 1672 506 1736 habere.
550 1671 604 1753 qui
622 1671 681 1735 nisi
704 1670 835 1736 decedat
856 1684 948 1755 atque
967 1671 1135 1736 exercitum
1153 1671 1290 1736 deducat

271 1788 311 1830 cx
332 1766 381 1831 his
402 1764 595 1851 regionibus,
624 1785 693 1829 sese
716 1763 802 1828 illum
824 1787 885 1828 non
902 1787 959 1849 pro
981 1765 1095 1842 amico,
1122 1765 1178 1829 sed
1195 1764 1290 1830 hoste

271 1859 456 1925 habiturum.
500 1858 585 1942 quod
603 1859 630 1923 si
652 1881 723 1922 eum
741 1858 943 1936 interfecerit,
965 1857 1070 1922 multis
1088 1880 1158 1922 sese
1174 1857 1289 1924 nobili-

270 1952 329 2018 bus
347 1951 599 2038 principibusque
616 1951 724 2036 populi
741 1952 876 2016 Romani
892 1963 1016 2038 gratum
1033 1974 1103 2016 esse
1115 1951 1288 2017 facturum:

270 2046 303 2110 id
320 2068 354 2110 se
371 2044 411 2110 ab
429 2045 505 2129 ipsis
522 2067 578 2129 per
595 2067 702 2109 eorum
720 2045 843 2110 nunties
861 2056 1053 2131 compertum
1066 2044 1190 2121 habere,
1208 2067 1290 2127 quo-

269 2161 338 2203 rum
356 2138 494 2203 omnium
507 2138 639 2223 gratiam
654 2149 746 2221 atque
761 2139 929 2203 amicitiam
942 2139 1009 2203 eius
1023 2148 1121 2203 morte
1135 2138 1289 2203 redimere

271 2242 384 2316 posset.
420 2230 505 2314 quod
523 2231 550 2294 si
568 2231 754 2296 decessisset
772 2243 803 2297 et
819 2232 949 2298 liberam
966 2232 1195 2318 possessionem
1209 2229 1290 2297 Gal-

269 2325 329 2388 liae
347 2323 406 2388 sibi
424 2324 610 2401 tradidisset,
630 2348 744 2410 magno
762 2349 796 2390 se
814 2326 901 2390 illum
919 2327 1056 2411 praemio
1073 2336 1289 2390 remuneratu-

270 2441 337 2482 rum
356 2428 387 2482 et
404 2439 617 2501 quaecumque
635 2418 717 2483 bella
733 2420 801 2504 geri
818 2420 919 2496 vellet,
939 2420 1005 2485 sine
1022 2418 1086 2484 ullo
1099 2419 1166 2483 cius
1179 2417 1288 2484 labore

219 2532 251 2577 45
270 2522 300 2576 et
316 2512 453 2596 periculo
476 2512 696 2577 confecturum.
742 2513 839 2578 multa
859 2513 899 2578 ab
919 2512 1053 2579 Caesare
1074 2513 1107 2576 in
1128 2535 1197 2577 eam
1214 2534 1289 2577 sen·

270 2606 397 2670 tentiam
414 2606 497 2670 dicta
514 2616 595 2682 sunt,
614 2627 709 2689 quare
727 2607 852 2692 negotio
870 2608 1018 2671 desistere
1035 2628 1097 2671 non
1115 2616 1237 2691 posset,
1255 2617 1288 2671 et

269 2720 369 2783 neque
395 2722 485 2764 suam
510 2721 611 2783 neque
637 2699 745 2784 pepuli
767 2700 902 2764 Romani
928 2700 1184 2765 consuetudinem
1208 2700 1285 2784 pati,

269 2794 315 2857 uti
337 2794 452 2879 optimc
476 2807 629 2859 merentes
649 2793 750 2859 socios
777 2794 945 2871 desereret,
972 2816 1073 2877 neque
1095 2814 1129 2857 se
1150 2792 1288 2858 iudicare

270 2886 405 2953 Galliam
422 2889 526 2974 potius
545 2912 615 2954 esse
632 2888 786 2954 Ariovisti
804 2911 897 2972 quam
915 2888 1021 2974 populi
1033 2888 1177 2953 Romani.
1203 2887 1287 2954 bello

269 2992 430 3066 superatos
449 3004 518 3046 esse
531 2981 692 3046 Arvernos
711 2992 741 3046 et
754 2981 894 3047 Rutenos
912 2982 952 3047 ab
967 2981 1007 3064 Q
1020 2982 1119 3047 Fabio
1132 2981 1286 3059 Maximo,

268 3073 381 3155 quibus
399 3075 533 3159 populus
551 3075 712 3138 Romanus
730 3076 903 3161 ignovisset
924 3097 1024 3160 neque
1041 3076 1074 3140 in
1095 3075 1287 3161 provinciam

268 3166 440 3251 redegisset
462 3189 563 3249 neque
586 3169 774 3252 stipendium
797 3169 1004 3254 imposuisset.
1052 3169 1137 3252 quod
1158 3168 1187 3233 si
1207 3168 1288 3235 anti-

267 3258 453 3340 quissimum
470 3261 614 3343 quodque
633 3271 756 3346 tempus
775 3264 908 3347 spectari
921 3275 1083 3349 oporteret,
1101 3263 1209 3348 populi
1221 3263 1288 3329 Re-

268 3351 352 3414 mani
377 3351 581 3416 iustissimum
607 3376 677 3418 csse
698 3355 731 3418 in
754 3353 858 3421 Gallia
879 3357 1056 3442 imperium3
1083 3356 1110 3420 si
1135 3357 1296 3421 iudicium'

269 3455 394 3510 senatus
413 3445 573 3511 observari
590 3458 753 3532 oporteret,
771 3449 901 3516 liberam
919 3450 1032 3515 debere
1049 3472 1119 3515 csse
1138 3440 1285 3528 Galbam,

218 3560 250 3608 46
268 3561 362 3622 quam
380 3539 461 3605 bello
479 3541 594 3606 vietam
613 3543 677 3607 suis
699 3542 822 3629 legibus
845 3545 889 3609 uti
911 3543 1070 3609 voluisset.
1114 3545 1189 3609 dum
1207 3544 1287 3609 haec

268 3633 299 3696 in
313 3632 466 3716 colloquio
480 3647 638 3720 geruntur,
659 3635 787 3702 Caesari
800 3639 973 3703 nuntiatum
987 3649 1043 3715 est,
1062 3639 1182 3721 equites
1191 3637 1287 3703 Ario-

268 3728 339 3792 visti
358 3730 484 3814 propius
503 3730 658 3795 tumulum
676 3733 823 3797 accedere
845 3733 932 3797 etad
955 3743 1076 3797 nostros
1094 3733 1283 3816 adequitare,

267 3821 386 3906 lapides
416 3823 539 3908 telaque
570 3825 603 3888 in
633 3837 755 3890 nostros
786 3827 935 3891 conicere.
990 3824 1108 3891 Caesar
1136 3825 1285 3909 loquendi

268 3916 361 3980 finem
382 3916 457 3982 facit
483 3940 577 4002 seque
600 3919 640 3982 ad
662 3941 735 3984 suos
756 3920 872 4003 reecpit
894 3919 1020 4002 suisque
1042 3919 1219 4004 imperavit,
1245 3940 1286 3983 ne

267 4011 352 4092 quod
377 4013 502 4077 omnine
530 4012 625 4077 telum
651 4013 682 4076 in
707 4013 812 4077 hostes
834 4013 993 4077 reicerent.
1036 4036 1110 4077 nam
1132 4013 1191 4077 etsi
1218 4012 1286 4077 sine

268 4102 331 4166 ullo
365 4106 502 4188 periculo
533 4106 664 4191 legionis
695 4106 832 4170 delectae
863 4129 935 4170 cum
965 4107 1103 4189 equitatu
1132 4105 1286 4192 proelium

267 4195 334 4259 fore
352 4196 491 4275 videbat,
519 4210 623 4263 tamen
641 4200 895 4264 committendum
912 4224 976 4264 non
993 4200 1136 4286 putabat,
1163 4209 1198 4263 ut
1216 4198 1286 4285 pul-

268 4289 311 4354 sis
342 4289 486 4355 hostibus
517 4294 579 4357 dici
609 4305 717 4378 posset
747 4316 800 4359 eos
831 4294 871 4359 ab
899 4317 932 4359 se
958 4316 1014 4380 per
1043 4294 1137 4358 fidem
1163 4293 1196 4357 in
1222 4291 1284 4358 col·

267 4382 371 4465 loquio
390 4384 626 4451 circumventos.
670 4399 872 4473 posteaquam
891 4389 923 4452 in
940 4387 1052 4474 volgus
1070 4386 1204 4451 militum
1221 4385 1284 4451 ela·

268 4487 334 4541 tum
347 4487 403 4553 est,
422 4501 485 4562 qua
498 4481 672 4565 arrogantia
691 4483 723 4546 in
741 4482 893 4566 colloquio
906 4482 1086 4547 Ariovistus
1103 4504 1181 4547 usus
1199 4478 1285 4546 omni

269 4569 372 4637 Gallia
389 4572 538 4638 Romanis
556 4574 777 4653 interdixisset,
796 4575 1006 4661 impetumque
1024 4576 1057 4640 in
1072 4586 1197 4643 nostroe
1216 4574 1284 4641 eius
