2692 5206
462 767 579 823 couti.
596 768 648 821 Ill.
667 769 768 822 9-13.
1083 759 1122 821 47

100 895 184 961 datis
197 891 370 969 obsidibus,
389 902 435 956 tot
447 892 607 959 ciuitatum
625 894 805 970 coniuratio,
824 894 988 979 imprimis,
1007 916 1046 958 ne
1064 894 1124 957 hae

100 1003 190 1075 parte
210 986 355 1072 neglecta
374 986 512 1070 reliquae
533 989 674 1052 nationes
698 987 759 1052 sibi
781 988 864 1053 idem
885 987 977 1053 licere
995 987 1124 1053 arbitra-

101 1090 219 1146 rentur.
262 1080 366 1163 itaque
388 1101 460 1144 eum
481 1080 673 1166 intellegeret
695 1103 803 1147 omues
821 1080 886 1145 fere
905 1078 1014 1147 Gallos
1031 1081 1124 1146 novis

101 1175 198 1241 rebus
217 1174 342 1239 studere
359 1183 388 1238 et
407 1174 448 1238 ad
465 1173 581 1238 bellum
598 1175 754 1241 mobiliter
770 1175 970 1260 celeriterque
988 1177 1124 1252 excitari,

102 1291 213 1334 omnes
236 1279 341 1333 autem
362 1266 503 1332 homines
526 1280 638 1332 natura
658 1267 792 1332 libertati
814 1269 938 1333 studere
964 1279 995 1334 et
1020 1270 1126 1334 condi-

103 1363 228 1427 cionem
246 1360 403 1427 servitutis
421 1360 539 1439 odisse,
565 1363 749 1447 priusquam
766 1361 872 1445 plures
895 1362 1035 1428 civitates
1054 1385 1127 1428 eon-

104 1456 272 1542 spirarent,
290 1455 485 1540 partiendum
503 1455 564 1520 sibi
581 1478 618 1520 ac
635 1456 727 1520 latius
746 1454 994 1520 distribuendum
1011 1456 1128 1521 exerei-

103 1564 172 1615 tum
185 1551 317 1636 putavit.
344 1549 448 1632 itaque
458 1549 564 1613 Titum
573 1549 752 1615 Labienum
765 1550 903 1636 legatum
916 1549 950 1614 iu
963 1550 992 1613 T
992 1572 1126 1627 reveros,
1147 1572 1175 1617 11

104 1645 159 1729 qui
177 1643 312 1729 preximi
329 1642 449 1707 flumini
461 1643 573 1708 Rheno
588 1654 669 1722 suut,
688 1666 760 1708 eum
774 1643 913 1727 equitatu
926 1645 1028 1708 mittit.
1055 1643 1128 1708 huic
1152 1645 1154 1650 ’

104 1739 249 1815 mandat,
271 1736 388 1825 Remos
406 1736 602 1821 reliquosque
620 1737 737 1823 Belgas
755 1738 846 1802 adeat
863 1748 957 1821 atque
973 1737 1007 1802 in
1024 1737 1128 1802 officio

104 1831 262 1897 contineat
272 1828 519 1916 Germanosque,
538 1832 592 1916 qui
605 1832 721 1897 auxilio
735 1856 754 1896 a
767 1831 876 1918 Belgis
891 1832 1032 1896 arcessiti
1045 1832 1129 1896 dice-

105 1927 228 2003 bantur,
247 1926 275 1989 si
291 1947 348 2010 per
364 1924 428 1989 vim
444 1925 578 1991 navibus
596 1926 713 1990 flumen
730 1925 861 1990 transire
879 1935 1038 2003 conentur,
1056 1948 1127 2011 pro-

104 2019 222 2085 hibeat.
243 2018 394 2084 Publium
409 2017 560 2085 Crassum
578 2041 650 2084 cunr
668 2019 847 2085 cohortibus
864 2019 1042 2105 legionariis
1055 2018 1128 2084 XII

104 2130 137 2179 et
152 2136 271 2200 magno
288 2135 417 2178 numero
434 2113 590 2196 equitatus
603 2113 636 2176 in
649 2111 853 2196 Aquitaniam
865 2113 1021 2198 proficisci
1034 2113 1128 2190 iubet,

105 2229 144 2273 ne
161 2228 204 2272 ex
220 2206 270 2270 his
288 2205 464 2271 nationibus
487 2206 603 2271 auxilia
619 2206 653 2271 in
672 2203 808 2272 Gallium
829 2207 990 2271 mittantur
1007 2229 1044 2271 ac
1062 2218 1130 2271 tan·

106 2314 156 2366 tae
178 2300 322 2365 nationes
343 2299 580 2387 coniungantur.
626 2299 779 2383 Quintum
797 2300 953 2365 Titurium
976 2299 1130 2367 Sabinum

105 2394 248 2481 legatum
270 2416 343 2459 cum
364 2393 540 2480 legionibus
562 2394 662 2460 tribus
684 2395 718 2459 iu
735 2394 898 2472 Venellos‚
926 2394 1130 2461 Curiosolitcs

106 2488 332 2573 Lexoviosque
353 2489 461 2566 mittit,
488 2489 542 2573 qui
564 2511 634 2554 eam
655 2513 783 2554 manum
805 2489 1012 2555 distinendam
1034 2501 1130 2555 curet.

106 2582 279 2648 Decimum
288 2583 423 2647 Brutum
432 2584 663 2649 adulescentem
679 2585 771 2649 classi
782 2582 974 2668 Gallicisque
986 2585 1130 2661 navibus,

107 2700 188 2761 quas
206 2698 247 2742 ex
263 2676 447 2742 Pictonibus
465 2687 497 2741 et
516 2676 665 2744 Santonis
682 2677 871 2761 reliquisque
893 2679 1013 2762 pacatis
1030 2679 1132 2764 regio-

106 2770 202 2835 nibus
220 2770 386 2836 convenire
402 2771 545 2850 iusserat,
564 2772 703 2860 praeficit
721 2783 760 2848 et,
779 2773 998 2856 cumprimum
1015 2783 1131 2856 posset,

106 2865 140 2929 in
163 2864 304 2930 Venetos
330 2865 485 2951 proficisci
511 2866 606 2932 iubet.
655 2866 723 2952 ipsc
749 2888 786 2930 eo
812 2864 1008 2950 pedestribus
1035 2865 1133 2949 copiis

108 2959 278 3024 contendit.
314 2970 401 3024 cmnt
418 2960 572 3025 eiusmodi
588 2961 653 3026 ferc
672 2961 750 3025 situs
768 2960 963 3046 oppidorum,
981 2971 1016 3023 ut
1032 2960 1134 3044 posita
1153 2979 1183 3026 1¹2

108 3053 142 3116 in
164 3054 311 3119 extremis
333 3053 460 3140 lingulis
482 3055 766 3140 promunturiisque
788 3076 890 3139 ncquc
912 3053 1045 3139 pedibus
1068 3053 1134 3117 adi-

109 3156 179 3209 tum
195 3143 354 3224 haberent,
374 3170 446 3212 cum
463 3171 503 3212 ex
520 3149 582 3214 alto
601 3172 635 3214 se
648 3160 753 3214 aestus
768 3148 968 3224 incitavissct,
987 3148 1072 3231 quod
1085 3146 1133 3212 bis

108 3238 224 3304 accidit
250 3260 373 3323 semper
397 3241 545 3306 horarum
569 3243 834 3328 XXIHIspatio,
861 3264 963 3326 neque
989 3240 1133 3317 navibus,

108 3332 197 3418 quod
213 3355 321 3398 rursus
339 3335 497 3401 minuente
515 3349 603 3402 aestu
623 3360 718 3401 naves
741 3338 773 3401 in
795 3337 884 3402 vadis
902 3337 1132 3401 afflictarentur.

109 3429 156 3492 ita
173 3438 304 3512 utraque
323 3451 357 3493 rc
375 3431 560 3515 oppidorum
577 3432 768 3517 oppugnatio
787 3430 1028 3516 impediebatur3
1051 3452 1088 3495 ac
1108 3429 1134 3493 si

110 3521 238 3606 quando
259 3522 473 3609 magnitudine
494 3525 600 3610 operis
623 3526 703 3591 sorte
727 3526 877 3611 superati,
906 3535 1031 3590 extruso
1057 3524 1135 3587 mari

111 3637 229 3702 aggere
246 3637 285 3681 ae
301 3616 446 3696 molibus,
465 3627 559 3703 atque
576 3618 626 3684 his
644 3620 751 3705 oppidi
764 3618 927 3683 moenibus
943 3617 1134 3701 adaequatis,

112 3708 179 3774 suis
196 3708 330 3775 fortunis
349 3711 514 3797 desperare
532 3725 711 3799 coeperant,
730 3736 845 3799 magno
862 3734 992 3777 numero
1009 3711 1136 3774 navium

112 3802 258 3888 appulso,
276 3804 366 3870 euius
382 3806 428 3870 rei
446 3829 602 3871 summam
619 3807 801 3871 facultatem
818 3805 989 3882 habebant,
1009 3827 1067 3868 sua
1083 3804 1137 3867 de-

113 3895 280 3982 portabant
305 3899 410 3964 omnia
435 3923 532 3985 seque
557 3901 591 3965 in
616 3901 760 3987 proxima
789 3901 905 3986 oppida
934 3898 1136 3985 recipiebant:

114 3990 159 4055 ibi
190 4013 226 4057 se
252 4015 361 4058 rursus
387 3993 488 4059 isdem
519 3994 801 4081 opportunitatibus
832 3996 893 4059 loei
919 3993 1136 4059 defendebant,

115 4083 193 4149 haec
209 4107 249 4150 eo
266 4085 390 4153 facilius
407 4111 556 4174 magnam
572 4099 694 4175 partem
711 4090 839 4153 aestatis
857 4087 1026 4165 faciebant,
1054 4086 1138 4170 quod

114 4190 240 4244 nostrae
252 4203 350 4245 naves
369 4181 606 4267 tempestatibus
625 4182 852 4259 detinebantur,
872 4204 1055 4266 summaque
1073 4192 1138 4246 crat

115 4284 205 4337 vasto
223 4284 317 4358 atque
334 4285 442 4360 aperto
459 4277 551 4354 mari,
574 4277 697 4363 magnis
717 4275 869 4353 aestibus,
891 4278 969 4342 raris
988 4300 1025 4342 ae
1041 4298 1138 4362 prope

115 4366 208 4431 nullis
235 4368 393 4453 portibus,
421 4369 589 4436 difficultas
616 4370 794 4456 navigandi.
838 4394 973 4456 namque
999 4373 1138 4456 ipsorum
1158 4388 1189 4436 13

116 4484 212 4526 naves
235 4463 277 4527 ad
293 4462 378 4528 hune
391 4464 524 4529 'modum
547 4465 648 4530 factae
670 4476 868 4547 armataeque
887 4477 987 4531 crant:
1015 4466 1138 4530 carinae

114 4554 275 4639 aliquante
293 4556 449 4642 planiores
467 4581 561 4643 qnam
579 4569 757 4625 nostrarum
775 4559 916 4638 navium,
935 4583 997 4646 quo
1015 4559 1137 4624 facilius
