2692 5206
480 797 598 855 coma
615 800 679 858 vu.
698 801 782 856 1-4.
1076 786 1138 855 115

120 943 221 1006 neque
238 923 274 986 in
289 922 384 988 tantis
402 921 647 988 dissensionibus
665 924 707 989 ad
723 925 894 989 exereitum
910 926 1016 990 venire
1033 946 1137 1010 posse.

124 1014 180 1080 bac
203 1015 333 1102 impulsi
353 1016 530 1094 occasione,
557 1017 612 1100 qui
632 1018 694 1082 iam
720 1027 791 1083 ante
817 1040 851 1084 se
876 1019 984 1105 populi
1004 1019 1138 1087 Romani

130 1109 252 1194 inperio
279 1108 435 1175 subiectos
463 1111 616 1188 dolerent,
650 1112 777 1177 liberius
805 1123 897 1196 atque
924 1114 1072 1179 audacius
1099 1114 1138 1178 de

133 1200 208 1268 bello
228 1204 358 1270 consilia
378 1205 455 1269 inire
476 1205 636 1290 incipiunt
680 1206 804 1271 indictis
826 1207 907 1272 inter
928 1229 963 1272 se
984 1208 1138 1293 principes

141 1293 248 1363 Galliae
263 1298 401 1364 conciliis
420 1298 613 1365 silvestribus
631 1321 669 1364 ae
685 1301 810 1366 remotis
828 1301 904 1366 loeis
918 1311 1088 1385 queruntur
1099 1302 1138 1367 de

147 1390 261 1457 loconis
282 1403 396 1471 morte;
421 1415 514 1479 posse
532 1393 615 1458 hunc
637 1416 745 1459 casum
767 1396 807 1459 ad
824 1396 910 1480 ipsos
932 1397 1068 1461 recidere
1085 1397 1139 1460 de·

149 1498 309 1564 nonstrant3
327 1488 513 1552 miserantur
530 1511 726 1553 communem
745 1487 867 1555 Galliae
885 1490 1041 1555 fortunam
1047 1515 1056 1567 ;
1073 1513 1139 1554 om-

154 1578 222 1645 uibus
244 1580 513 1666 pollicitationibus
540 1604 577 1647 ac
601 1583 748 1666 praemiis
774 1584 961 1668 deposcunt,
987 1584 1041 1666 qui
1066 1583 1139 1648 belli
1250 1642 1253 1648 .

155 1672 249 1738 initium
268 1674 384 1739 saciant
405 1685 436 1738 et
454 1675 503 1739 sui
520 1676 629 1760 capitis
652 1677 789 1761 periculo
809 1675 945 1742 Galliam
966 1677 999 1741 in'
1016 1676 1140 1742 liberta-

158 1774 204 1830 tem
212 1769 365 1834 u'ndiccnt.
408 1769 442 1833 in
454 1770 562 1854 primis
580 1771 731 1835 rationem
750 1793 819 1836 esse
832 1771 1009 1837 habendam
1022 1773 1138 1849 dicunt,

159 1859 305 1945 priusquam
321 1884 428 1927 eorum
447 1863 639 1929 clandestina
656 1865 785 1929 consilia
802 1865 983 1943 efferantur,
1003 1874 1040 1929 ut
1058 1864 1140 1932 Cae-

161 1973 198 2015 sar
209 1954 239 2019 ab
254 1957 389 2020 exercitu
405 1957 635 2022 intercludatur.
679 1959 711 2022 id
730 1981 800 2024 csse
817 1959 919 2037 facile,
937 1959 1022 2043 quod
1039 1981 1140 2043 neque

160 2043 265 2131 legiones
289 2050 424 2116 audeant
445 2051 574 2116 absente
595 2052 780 2136 imperatore
803 2075 843 2118 ex
864 2053 1001 2118 hibernis
1024 2052 1139 2140 egredi,

160 2160 234 2223 nequ
247 2143 410 2230 imperator
426 2145 493 2209 sine
506 2145 661 2230 praesidio
679 2146 720 2209 ad
736 2146 876 2233 legiones
894 2146 1055 2231 pervenire
1068 2168 1141 2232 pos·

161 2231 200 2312 tit3
215 2248 358 2321 postremo
380 2238 413 2303 in
430 2239 496 2303 acie
518 2250 677 2324 praestare
698 2240 842 2318 interfici,
865 2263 959 2325 quam
977 2263 1039 2306 non
1056 2250 1141 2305 vete-

159 2348 208 2394 ren
219 2331 283 2399 belli
298 2333 430 2421 gloriam
447 2334 696 2419 libertatemque,
718 2358 812 2420 quam
831 2359 850 2400 a
867 2335 1035 2400 maioribus
1053 2357 1141 2400 accc-

159 2422 233 2505 pciot
245 2449 432 2514 recuperare.
467 2428 517 2492 his
534 2428 628 2494 rebus
647 2429 772 2514 agitatis
790 2428 972 2514 profitentur
986 2428 1139 2496 Carnutes
1159 2450 1174 2496 2

159 2536 186 2579 se
202 2519 305 2585 nullum
329 2522 502 2606 periculum
528 2523 701 2587 communis
733 2522 842 2588 salutis
873 2545 969 2588 causa
997 2544 1141 2588 recusare

157 2609 342 2700 principesque
363 2637 404 2680 ex
424 2616 569 2681 omnibus
591 2614 709 2680 bellum
730 2615 867 2681 facturos
889 2617 1074 2700 pollicentur
1099 2627 1139 2693 et,

157 2709 272 2786 quoniam
288 2710 322 2774 in
338 2711 513 2795 praesentia
530 2710 691 2776 obsidibus
710 2732 819 2774 cavere
837 2711 969 2774 interae
986 2732 1049 2774 non
1066 2732 1139 2794 pos-

157 2797 255 2877 sintne
270 2826 322 2868 res
338 2803 493 2880 efferatur,
510 2815 546 2868 ut
561 2804 759 2868 iureiurando
777 2826 814 2868 ac
831 2804 893 2867 fide
907 2804 1071 2879 sanciatur,
1089 2825 1143 2888 pe-

155 2898 215 2972 nrt,
233 2897 351 2962 collatis
368 2897 552 2962 militaribus
571 2898 684 2984 signis,
707 2920 769 2981 quo
792 2919 878 2961 more
900 2919 1006 2961 corum
1024 2896 1144 2982 gravis-

154 2983 213 3053 tlns
225 2990 408 3057 caerimonia
425 2992 606 3069 continetur,
624 3014 664 3056 ne
682 2991 765 3056 sacto
778 2991 865 3055 initio
878 2990 951 3055 belli
964 2989 1003 3055 ab
1017 2989 1143 3073 reliquis

152 3077 315 3150 menbra
359 3096 427 3150 tum
443 3086 625 3151 collaudatis
645 3085 836 3151 Carnutibus
855 3086 928 3150 dato
945 3085 1144 3150 iureiurando

150 3171 340 3257 tbomnibus,
364 3180 419 3264 qui
435 3180 577 3258 aderant,
600 3191 737 3265 temporo
760 3181 827 3245 cius
849 3181 894 3245 rci
916 3181 1082 3245 constituto
1103 3180 1144 3246 ab

148 3272 257 3339 concilio
274 3274 453 3339 disceditur.
492 3273 547 3339 ubi
564 3297 602 3339 ea
618 3275 684 3340 dies
702 3275 796 3352 venit,
816 3272 970 3340 Camutos
990 3273 1143 3340 Gutruato
1162 3296 1177 3342 3

145 3372 169 3426 ct
182 3363 494 3433 Conconnetodumno
512 3367 643 3432 ducibus
649 3415 658 3445 ,
681 3369 851 3453 desperatis
869 3368 1060 3445 hominibus,
1085 3365 1145 3432 Co-

142 3457 243 3525 mbnm
258 3460 334 3526 dato
352 3462 441 3547 signo
459 3472 647 3526 concurrunt
664 3461 810 3545 civesque
828 3462 1001 3539 Romanos,
1020 3462 1074 3545 qui
1091 3484 1145 3525 nc-

139 3552 265 3637 gotiandi
296 3576 392 3619 causa
421 3554 464 3619 ibi
495 3555 708 3632 constiterant,
740 3555 773 3619 in
802 3556 850 3619 his
878 3553 994 3620 Gaium
1019 3554 1145 3619 Fufium

139 3644 241 3726 Citam,
258 3648 426 3714 honestum
444 3650 580 3733 equitem
592 3648 779 3726 Romanum,
798 3650 852 3732 qui
868 3650 913 3714 roi
927 3649 1145 3713 frumentariae

135 3740 215 3808 iussu
232 3742 380 3809 Caesaris
397 3754 552 3829 praeerat,
579 3744 765 3807 interficiunt
782 3743 926 3828 bonaque
948 3765 1055 3808 eorum
1072 3742 1145 3805 diri-

135 3836 222 3920 piimt.
249 3837 390 3902 celeriter
407 3838 448 3901 ad
465 3859 573 3902 omnes
587 3835 708 3902 Galliae
723 3838 862 3902 civitates
880 3838 966 3902 fama
981 3835 1143 3923 perfertur.

135 3953 200 3997 nam
215 3931 405 4016 ubicumque
422 3933 520 3997 maior
536 3942 629 4015 atque
642 3932 790 3997 illustrior
806 3932 914 3996 incidit
932 3954 992 4008 res,
1012 3931 1144 3994 clamore

133 4046 185 4111 per
198 4049 291 4114 agros
309 4028 514 4113 regionesque
536 4027 726 4111 significant3
752 4025 835 4090 huno
852 4026 905 4090 alii
926 4026 1072 4110 deinceps
1091 4046 1145 4088 ex-

133 4119 245 4205 cipiunt
266 4131 298 4187 et
319 4122 479 4206 proxumis
501 4121 640 4198 tradunt,
667 4130 702 4185 ut
723 4131 789 4184 tum
811 4120 931 4185 accidit.
975 4142 1048 4183 nam
1066 4141 1145 4203 quac

135 4208 253 4282 Cenabi
270 4216 387 4281 oriente
406 4216 470 4280 sole
488 4225 578 4301 gesta
596 4224 713 4292 essent,
732 4225 804 4279 ante
821 4215 953 4300 primam
971 4213 1145 4279 confectam

132 4309 266 4395 vigliam
286 4310 321 4375 in
341 4310 455 4375 finibus
478 4308 693 4374 Arvernorum
718 4310 824 4374 audita
850 4317 935 4385 sunt,
963 4309 1049 4391 quod
1074 4330 1146 4393 spa-

133 4401 206 4469 tium
221 4414 271 4470 est
286 4404 408 4469 milium
425 4405 546 4469 circiter
564 4402 671 4470 CLX.
708 4403 801 4468 simili
818 4404 936 4468 ratione
954 4403 997 4468 ibi
1015 4402 1145 4467 Vercin-
1163 4421 1179 4465 4

133 4500 262 4583 getorix,
286 4498 404 4564 Celtilli
420 4499 516 4575 filius,
538 4497 715 4576 Amemus,
739 4521 878 4562 summae
895 4499 1052 4583 potentiae
1069 4498 1145 4562 adu-

134 4589 263 4672 lescens,
282 4594 372 4659 cuius
389 4603 478 4679 pater
494 4593 699 4678 principatum
718 4590 840 4658 Galliae
858 4592 951 4657 totius
970 4591 1144 4656 obtinuerat

938 4689 955 4736 8
961 4693 974 4720 t
