2738 5272
135 190 211 271 „-
387 39 1331 275 —

450 290 463 305 ,
1329 254 1331 303 ι

253 725 316 790 342
603 729 719 786 BELLl
736 727 918 786 tualeam

254 859 366 924 montis
388 857 457 923 loco
479 854 598 920 munito
614 853 799 929 locatum,
790 875 823 916 m
844 851 929 936 quod
946 850 1032 917 Iuba
1056 850 1140 918 belli
1164 853 1290 942 gerendi

253 955 353 1041 gratia
371 962 403 1019 et
419 952 609 1016 frumentum
626 959 656 1013 et
673 970 723 1014 res
740 958 874 1024 ceteras,
901 968 983 1031 quae
1005 946 1051 1012 ad
1076 948 1209 1014 bellum
1225 951 1290 1015 usui

254 1047 354 1111 solent
371 1068 451 1123 esse,
469 1053 723 1128 comportaverat‚
742 1064 774 1104 ιι
765 1040 1002 1126 expugnando
1020 1056 1077 1108 est
1097 1044 1236 1129 potitus.

204 1161 234 1208 ιι
318 1138 449 1216 Caesar,
472 1148 637 1223 postquam
655 1134 829 1221 legionibus
847 1136 1003 1200 veteranis
1021 1136 1179 1215 duabus,
1208 1137 1290 1222 equi·

253 1246 320 1299 tatu
337 1235 458 1318 levique
476 1244 631 1297 armatura
652 1230 758 1315 copias
781 1252 854 1295 suas
877 1251 916 1294 ex
939 1230 1085 1296 secundo
1110 1242 1289 1298 commeatu

253 1339 390 1404 auxerat,
409 1346 504 1390 naves
524 1322 602 1410 [Vl]
622 1324 777 1390 onerarias
796 1323 901 1388 statim
919 1323 1005 1388 iubet
1022 1323 1235 1409 Lilybaeum
1251 1324 1287 1390 ad

253 1421 406 1504 reliquum
432 1419 601 1484 exercitum
627 1417 899 1501 transportandum
930 1416 1109 1501 proficisci3
1143 1419 1221 1505 ipse
1245 1417 1287 1483 Vl

253 1514 314 1578 kal.
333 1512 425 1578 Febr.
444 1512 565 1577 circiter
580 1511 688 1597 vigilia
705 1511 805 1595 prima
821 1511 966 1594 imperat,
990 1511 1222 1596 speculatores
1238 1534 1288 1596 ap-

253 1607 464 1691 paritoresque
481 1625 588 1670 omnes
606 1615 640 1668 ut
658 1604 718 1669 sibi
730 1614 854 1689 praesto
868 1613 981 1668 essent.
1009 1605 1126 1687 itaque
1140 1604 1287 1670 omnibus

253 1700 359 1765 insciis
377 1721 478 1783 neque
499 1696 728 1783 suspicantibus
750 1697 858 1782 vigilia
879 1697 969 1761 tertia
989 1695 1082 1762 iubet
1107 1720 1229 1763 omnes
1249 1697 1288 1762 le-

253 1794 363 1879 giones
390 1815 430 1858 ex
455 1793 564 1857 eastris
591 1792 681 1857 educi
707 1801 799 1875 atque
827 1812 861 1856 se
887 1790 1036 1874 consequi
1064 1792 1112 1856 ad
1135 1792 1286 1878 oppidum

254 1888 427 1972 Ruspinam
444 1908 564 1963 versus,
582 1886 614 1950 in
632 1907 695 1970 quo
711 1886 778 1971 ipse
796 1885 985 1970 praesidium
1003 1884 1133 1964 habuit,
1153 1902 1191 1951 et
1208 1887 1288 1971 quod

254 1982 388 2066 primum
410 1981 450 2045 ad
468 1980 634 2045 amicitiam
656 1981 722 2045 eius
745 1979 885 2044 accessit.
929 1979 1001 2042 inde
1023 1980 1204 2065 parvulam
1223 2003 1288 2067 pro

254 2074 421 2138 clivitatem
448 2074 615 2160 degressus
642 2074 768 2138 sinistra
792 2087 880 2158 parte
906 2073 1008 2158 campi
1038 2086 1180 2159 propter
1207 2096 1287 2140 mare

254 2167 392 2252 legiones
415 2167 509 2231 ducit.
553 2167 605 2231 hie
626 2189 754 2252 campus
777 2166 909 2231 mirabili
931 2166 1064 2251 planicie
1090 2180 1188 2253 patet
1207 2169 1288 2234 milia

254 2282 404 2344 passuum
421 2260 507 2338 XIl;
529 2283 622 2344 quem
638 2262 748 2346 iugum
766 2261 893 2346 cingens
912 2284 931 2324 a
953 2260 1031 2324 mari
1049 2272 1164 2326 ortum
1188 2284 1288 2347 neque

254 2353 298 2417 ita
319 2353 491 2438 praealtum
512 2353 598 2418 velut
620 2354 731 2418 theatri
753 2353 849 2418 eflicit
870 2354 1015 2438 speciem.
1061 2353 1099 2418 in
1125 2357 1193 2421 hoc
1216 2358 1288 2442 iugo

255 2446 349 2511 colles
368 2458 441 2511 sunt
458 2448 572 2512 excelsi
590 2449 690 2533 pauci,
709 2447 870 2530 inquibus
889 2447 1030 2532 singulae
1045 2457 1156 2514 turres
1178 2472 1288 2536 specu·

254 2539 365 2625 lacque
384 2541 525 2627 singulae
543 2554 718 2627 perveteres
737 2553 824 2605 erant
841 2541 1021 2616 collocatae,
1041 2562 1188 2625 quarum
1208 2543 1288 2630 apud

207 2655 238 2703 ³8
256 2635 395 2698 ultimam
414 2636 602 2720 praesidium
620 2647 651 2699 et
668 2635 760 2699 statio
777 2634 837 2698 luit
856 2633 1020 2719 Scipionis.
1067 2649 1150 2719 post
1170 2637 1289 2703 Caesar

255 2729 295 2792 ad
312 2729 431 2815 iugum,
450 2730 489 2793 dc
507 2751 568 2812 quo
587 2729 688 2804 docui,
707 2729 846 2793 ascendit
863 2738 956 2811 atque
973 2729 1005 2791 in
1018 2750 1288 2815 unumquemque

256 2823 365 2887 collem
385 2822 568 2906 ‘turresque
582 2822 770 2906 castellaque
784 2823 886 2886 facere
900 2823 1001 2907 eoepit
1013 2833 1111 2905 atque
1128 2847 1172 2890 ca
1186 2827 1288 2890 minus

255 2917 410 2981 semihora
428 2915 551 2981 efficit*
582 2929 748 3002 postquam
765 2939 828 2979 non
845 2917 888 2980 ita
904 2917 997 3001 longe
1014 2914 1055 2980 ab
1074 2916 1198 2984 ultimo
1212 2920 1288 2985 colle

255 3011 391 3092 turrique
409 3011 481 3086 suit,
500 3031 580 3093 quae
598 3011 740 3094 proxima
757 3009 816 3073 luit
834 3011 943 3074 castris
961 3010 1241 3090 adversariorum,
1258 3014 1289 3076 in

254 3125 316 3185 qua
329 3103 420 3166 docui
434 3126 504 3167 esse
517 3105 707 3188 praesidium
721 3104 945 3186 stationemque
958 3103 1187 3183 Numidarum,
1208 3107 1289 3172 Cae·

254 3217 306 3258 sar
322 3195 479 3280 paulisper
501 3209 709 3260 commoratus
732 3206 955 3281 perspectaque
977 3207 1088 3260 natura
1110 3197 1182 3264 loci
1202 3200 1287 3284 equi·

253 3299 320 3352 tatu
337 3290 370 3352 in
388 3290 520 3354 statione
538 3291 690 3375 disposito
707 3290 881 3377 legionibus
900 3314 978 3376 opus
997 3289 1142 3355 attribuit
1162 3293 1287 3359 brachi·

253 3405 369 3465 umque
387 3384 488 3448 medio
506 3384 580 3469 iugo
598 3383 638 3448 ab
657 3406 693 3448 eo
707 3384 784 3460 loco,
804 3385 843 3448 ad
858 3407 950 3466 quern
964 3396 1164 3469 pervenerat,
1186 3409 1286 3472 usquc

254 3477 295 3541 ad
312 3499 393 3553 eum,
412 3479 494 3542 unde
512 3501 658 3564 egressus
677 3489 751 3555 erat,
770 3478 855 3542 iubet
872 3478 964 3563 dirigi
983 3500 1019 3542 ac
1036 3478 1167 3543 muniri.
1201 3481 1287 3565 quod

254 3582 420 3654 postquam
439 3569 545 3656 Scipio
568 3570 792 3653 Labienusque
814 3571 1109 3646 animadverterunt,
1140 3575 1286 3657 equitatu

254 3664 337 3727 omni
360 3686 399 3727 ex
422 3666 530 3729 castris
554 3666 666 3729 educto
689 3666 815 3747 acieque
838 3665 973 3747 equestri
995 3666 1149 3728 instructa
1175 3690 1196 3731 a
1219 3668 1284 3731 suis

253 3758 475 3823 munitionibus
486 3760 605 3823 circiter
616 3782 727 3843 passus
741 3759 824 3821 mille
834 3759 1071 3844 progrediuntur
1084 3759 1286 3841 pedestrem·

253 3874 314 3935 que
332 3853 453 3937 copiam
471 3854 503 3916 in
522 3854 659 3917 secunda
680 3854 747 3916 acie
765 3853 867 3916 minus
888 3851 1006 3917 CCCC
1024 3873 1139 3936 passus
1165 3854 1285 3917 consti-

204 3966 235 4014 ³9
254 3956 352 4009 tuunt.
395 3947 512 4012 Cacsar
535 3949 567 4010 in
585 3969 678 4032 opere
696 3947 809 4010 milites
833 3946 988 4011 adhortari
1011 3967 1112 4028 neque
1130 3947 1283 4012 adversa·

254 4041 405 4104 sariorum
423 4042 520 4126 copiis
540 4041 666 4105 moveri.
693 4042 756 4104 iam
770 4063 840 4104 cum
854 4063 916 4104 non
930 4039 1062 4125 amplius
1075 4060 1196 4123 passus
1211 4040 1281 4104 MD

253 4132 332 4195 inter
349 4133 484 4198 hostiurn
507 4135 605 4197 aciem
629 4156 764 4216 suasque
786 4134 971 4197 munitiones
995 4155 1064 4196 esse
1081 4131 1280 4197 animadver-

254 4225 343 4288 tisset
364 4227 628 4310 intellexissetque
651 4228 691 4291 ad
713 4227 927 4311 impediendos
950 4227 1062 4289 rnilitcs
1085 4247 1162 4290 suos
1186 4237 1219 4290 et
1240 4225 1278 4290 ab

255 4339 346 4402 opere
360 4319 559 4404 depellendos
573 4322 694 4385 hostem
708 4322 835 4406 propius
849 4321 996 4384 accedere
1014 4340 1210 4402 necesseque
1224 4320 1278 4383 ha-

255 4410 341 4475 beret
361 4412 499 4498 legiones
522 4440 541 4480 a
562 4415 787 4480 munitionibus
809 4415 975 4491 deducere,
1002 4414 1134 4498 imperat
1156 4423 1276 4477 turmae

255 4504 483 4591 Hispanorum,
515 4510 555 4573 ad
580 4510 755 4594 proximum
782 4509 893 4573 collem
923 4530 1054 4593 propere
1080 4520 1274 4571 occurrerent

1324 4606 1331 4704 l
