2692 5206
463 767 591 825 cAPu'r
610 770 712 822 e-m.
1034 753 1096 817 373

47 909 146 953 non
159 914 267 975 parum
288 892 409 955 idonea.
454 915 526 955 nam
549 892 614 955 fere
638 890 731 954 totius
753 890 905 954 ulterioris
923 889 1096 974 Hispaniae

51 984 166 1070 regio
191 998 317 1071 propter
344 998 442 1051 terrae
469 986 690 1051 fecunditatem
722 985 846 1068 inopem
876 982 1096 1067 difficilemque

55 1072 172 1142 habet
183 1080 448 1165 oppugnationem
466 1090 497 1144 et
515 1102 578 1143 non
596 1080 699 1142 minus
713 1079 871 1162 copiosam
890 1077 1096 1158 aquationem.

63 1166 136 1235 hie
150 1173 238 1235 etiam
256 1183 381 1257 propter
402 1173 605 1238 barbarorum
627 1171 751 1235 crebras
773 1170 972 1236 excursiones
994 1172 1097 1235 omnia

70 1259 161 1341 loca,
178 1287 258 1347 quae
277 1265 407 1330 suntab
425 1266 549 1351 oppidis
567 1278 699 1340 remota,
719 1264 853 1328 turribus
872 1277 903 1327 et
920 1264 1097 1329 munitioni·

75 1350 143 1421 bus
156 1359 333 1436 retinentur,
353 1361 432 1424 sicut
450 1361 482 1423 in
499 1358 619 1434 Africa,
638 1359 758 1434 rudere,
777 1381 839 1423 non
857 1357 970 1442 tegulis
988 1369 1098 1443 tegun-

85 1458 147 1526 tur3
168 1451 323 1535 simulque
344 1452 377 1515 in
399 1452 447 1516 his
470 1452 586 1516 habent
608 1451 751 1536 speculas
769 1461 798 1515 et
821 1462 946 1536 propter
963 1451 1098 1514 altitudi-

10 1600 13 1633 ι
86 1560 153 1607 nem
170 1543 264 1629 longe
285 1544 408 1627 lateque
431 1545 632 1629 prospiciunt.
677 1544 751 1608 item
777 1545 961 1630 oppidorum
983 1567 1098 1629 magna

91 1638 234 1715 perseius
256 1638 435 1721 provinciae
458 1638 615 1702 montibus
638 1638 703 1702 sere
726 1638 844 1701 munita
865 1648 896 1701 et
917 1647 1027 1701 natura
1045 1660 1098 1701 ex-

94 1726 259 1794 radentibus
277 1730 354 1795 loeis
372 1741 420 1795 est
438 1732 618 1807 constituta,
646 1742 680 1794 ut
698 1731 790 1796 simul
814 1732 915 1795 aditus
934 1753 1098 1795 ascensus-

97 1839 144 1901 que
156 1823 268 1889 habeat
285 1825 439 1889 difficiles.
483 1826 526 1889 ita
544 1825 584 1890 ab
602 1825 886 1911 oppugnationibus
909 1834 1021 1889 natura
1036 1823 1097 1888 loci

98 1913 274 1995 distineatur,
307 1931 342 1981 ut
368 1918 509 1983 civitates
536 1918 710 2003 Hispaniae
737 1942 800 1983 non
825 1918 917 1983 facile
942 1917 982 1983 ab
1008 1917 1097 1981 hoste

98 2009 246 2093 aptantur.
291 2012 322 2075 id
340 2013 424 2094 quod
442 2013 474 2075 in
492 2012 551 2077 hoc
570 2014 699 2097 contigit
716 2012 807 2077 bello.
842 2035 915 2075 nam
933 2033 1004 2076 eum
1017 2011 1098 2075 inter

97 2098 234 2190 Ateguam
261 2117 294 2169 et
319 2105 471 2182 Ucubim,
504 2129 585 2188 quae
611 2106 726 2190 oppida
752 2128 846 2190 supra
876 2115 948 2169 sunt
974 2105 1096 2189 scripta,

96 2187 246 2283 Pompeius
269 2198 378 2263 habuit
401 2212 503 2263 eastra
525 2200 691 2264 constituta
712 2199 744 2262 in
770 2210 939 2284 conspectu
965 2199 1097 2263 duorum

95 2292 274 2373 oppidorum,
302 2291 342 2356 ab
369 2293 434 2356 suis
462 2294 571 2356 castris
599 2294 720 2357 eireiter
745 2292 830 2356 milia
855 2315 1005 2377 passuum
1027 2291 1097 2355 1111

92 2401 205 2465 grumus
223 2395 272 2450 est
290 2385 444 2450 excellens
461 2398 585 2463 natura,
604 2387 658 2469 qui
676 2385 848 2470 appellatur
865 2398 967 2450 eastra
983 2385 1097 2449 Postu·

91 2476 192 2542 minna:
210 2478 255 2543 ibi
273 2480 419 2563 praesidii
437 2502 532 2543 eausa
550 2480 711 2543 castellum
726 2478 844 2543 Caesar
858 2478 965 2542 habuit
983 2480 1097 2542 eonsti-

88 2576 187 2637 tutum.
230 2573 316 2655 quod
333 2572 518 2658 Pompeius,
537 2574 622 2657 quod
640 2573 749 2637 eodem
767 2574 840 2657 iugo
859 2572 1021 2657 tegebatur
1037 2572 1096 2636 loci
1116 2598 1129 2642 9

87 2676 198 2742 natura,
221 2678 253 2730 et
269 2678 424 2731 remotum
442 2680 507 2731 erat
525 2692 543 2731 a
561 2668 671 2732 eastris
691 2668 849 2739 Caesaris,
873 2666 1098 2730 animadverte-

84 2752 131 2822 bat
155 2759 215 2824 loci
238 2760 452 2824 difficultatem
475 2771 519 2837 et,
547 2762 621 2844 quia
646 2762 772 2824 flumine
797 2758 888 2824 Salso
914 2759 1098 2823 interelude-

83 2848 181 2930 batur,
200 2878 264 2919 non
281 2877 352 2919 esse
370 2856 610 2919 commissurum
630 2854 814 2929 Caesarem,
834 2854 917 2916 utin
935 2864 1020 2917 tanta
1037 2852 1096 2916 loci

81 2946 258 3013 difficultate
276 2950 316 3013 ad
335 2950 509 3014 subsidium
528 2951 712 3013 mittendum
735 2973 769 3014 se
792 2949 1011 3024 committeret,
1038 2948 1098 3011 ista

81 3040 174 3107 fretus
188 3044 334 3129 opinione
347 3045 438 3108 tertia
452 3044 558 3129 vigilia
571 3045 730 3129 profectus
745 3042 906 3107 castellum
916 3065 1097 3128 oppugnare

79 3138 187 3221 eoepit.
233 3160 304 3201 eum
331 3138 644 3223 appropinquassent,
677 3138 809 3202 clamore
835 3137 994 3222 repentino
1022 3135 1098 3200 telo·

78 3252 206 3315 rumque
225 3231 422 3295 multitudine
440 3232 539 3296 iaetus
559 3233 660 3295 facere
679 3241 860 3316 coeperunt,
889 3230 934 3294 uti
951 3252 1098 3316 magnam

77 3334 195 3408 partem
214 3324 375 3389 hominum
393 3325 574 3389 vulneribus
593 3325 763 3389 afficerent.
803 3347 866 3408 quo
884 3335 1009 3409 peracto
1028 3346 1099 3387 cum

76 3440 115 3481 ex
140 3418 270 3482 castello
296 3441 471 3505 repugnare
504 3419 695 3504 coepissent,
727 3418 958 3501 maioribusque
989 3418 1098 3481 castris

78 3510 208 3577 Caesari
226 3513 353 3577 nuntius
371 3524 455 3577 esset
473 3514 595 3588 allatus,
614 3535 686 3576 cum
704 3513 755 3576 111
774 3512 949 3597 legionibus
968 3522 1015 3576 est
1028 3533 1100 3595 pro

77 3606 188 3682 fectus,
208 3616 243 3669 ut
260 3606 472 3671 laborantibus
491 3619 683 3672 succurreret
701 3607 830 3682 nostris;
850 3618 880 3669 et
898 3629 969 3670 cum
987 3605 1027 3669 ad
1045 3627 1099 3668 eos

77 3700 371 3785 appropinquasset,
391 3702 468 3785 fuga
480 3701 633 3785 perterriti
645 3701 733 3764 multi
749 3711 820 3764 sunt
833 3700 995 3776 interfecti,
1014 3721 1099 3763 com·

76 3792 181 3877 plures
200 3794 293 3879 eapti,
311 3795 343 3858 in
361 3795 475 3878 quibus
494 3796 556 3858 duo
575 3842 606 3858 ..
626 3795 713 3857 multi
731 3805 890 3878 praeterea
904 3794 997 3858 armis
1014 3793 1098 3857 exuti

77 3888 241 3973 sugerunt,
263 3911 397 3972 quorum
415 3900 503 3954 senta
521 3900 594 3953 sunt
616 3889 713 3953 relata
729 3888 881 3952 LXXX.
925 3887 1099 3971 insequenti
1120 3906 1150 3952 10

77 3981 146 4047 luce
167 3982 343 4069 Arguetius
370 4006 409 4048 ex
435 3984 527 4047 Italia
553 4006 624 4047 curn
653 3984 792 4066 equitatu
818 3983 911 4046 venit.
955 3983 982 4047 is
1009 3982 1099 4068 signa

78 4072 326 4163 Saguntinorum
352 4078 455 4141 retulit
478 4078 628 4160 quinque,
656 4098 736 4160 quae
759 4076 799 4141 ab
822 4076 984 4161 oppidanis
1008 4076 1098 4160 cepit.

78 4191 135 4233 suo
161 4168 232 4234 loco
258 4172 457 4254 praeteritum
484 4182 544 4247 est,
576 4171 660 4254 quod
690 4171 810 4254 equites
841 4193 880 4234 ex
906 4169 997 4233 Italia
1028 4191 1099 4233 cum

78 4262 257 4349 Asprenate
283 4266 323 4328 ad
346 4265 516 4329 Caesarem
542 4266 709 4329 venissent.
754 4288 791 4329 ea
817 4281 907 4328 noete
929 4263 1098 4348 Pompeius

79 4368 180 4423 castra
207 4380 265 4423 sua
290 4358 426 4423 incendit
452 4371 482 4422 et
508 4359 549 4422 ad
571 4358 751 4423 Cordubam
778 4380 886 4422 versus
913 4359 971 4422 iter
997 4357 1099 4422 facere

80 4451 191 4537 eoepit
235 4475 292 4516 rex
308 4453 432 4516 nomine
450 4452 543 4528 Indo,
571 4451 714 4535 quicum
737 4451 874 4534 equitatu
897 4475 970 4516 suas
992 4452 1098 4536 copias

81 4546 261 4621 adduxerat,
280 4546 354 4610 dum
374 4546 515 4631 cupidius
534 4568 646 4631 agmen
660 4545 905 4610 adversariorum
918 4546 1097 4628 insequitur,
