2692 5206
438 761 565 818 CAPUT
584 762 701 816 tto-70.
1008 752 1068 818 321

61 886 261 973 coarguisset,
288 884 372 969 quod
394 883 488 949 homo
510 895 613 948 tantae
634 883 815 969 prudentiae
837 906 873 950 ac
894 886 1071 973 diligentiae

57 981 134 1046 seire
150 981 313 1067 potuisset,
332 982 402 1065 quis
415 980 524 1044 urbem
538 980 721 1063 Italiamque
735 992 859 1058 teneret,
878 981 933 1045 ubi
946 993 1071 1049 senatus

55 1076 251 1158 populusque
269 1074 445 1152 Romanus,
474 1073 527 1138 ubi
551 1073 726 1158 respublica
743 1085 838 1151 esset,
865 1076 919 1159 qui
940 1076 1072 1160 denique

53 1184 125 1251 post
142 1170 183 1233 L.
197 1169 380 1246 Lentulum,
400 1169 437 1234 C.
452 1168 637 1233 Marcellum
656 1168 808 1246 consules,
828 1179 930 1234 tamen
948 1192 982 1235 se
999 1193 1073 1235 con-

53 1261 164 1327 cedere
185 1263 218 1326 id
239 1264 359 1327 factum
381 1262 592 1348 superioribus
616 1263 681 1326 suis
705 1261 876 1340 beneficiis,
903 1263 1000 1329 veteri
1016 1264 1073 1329 ho-

53 1353 147 1437 spitio
160 1366 253 1441 atque
267 1357 430 1434 amicitiae,
445 1356 588 1441 dignitati
601 1355 755 1438 aetatique
768 1354 910 1433 hominis,
928 1356 1071 1442 precibus

52 1467 176 1527 eorum,
202 1451 257 1534 qui
275 1450 453 1534 frequentes
472 1450 699 1515 concurrissent
716 1450 853 1535 hospites
871 1463 964 1535 atque
981 1453 1073 1517 amici

52 1538 196 1608 Deiotari
217 1544 260 1608 ad
280 1543 522 1629 deprecandum,
550 1545 589 1607 de
612 1545 826 1609 controversiis
853 1545 1072 1610 tetrarcharum

53 1646 164 1716 postea
182 1660 215 1703 se
233 1638 429 1724 cogniturum
448 1660 517 1702 esse
535 1638 622 1715 dixit,
641 1639 761 1724 regium
779 1639 925 1704 vestitum
943 1639 971 1704 ei
984 1639 1073 1704 resti-

54 1726 121 1793 tuit.
148 1731 303 1817 legionem
318 1744 422 1797 autem
438 1755 516 1809 eam,
532 1754 626 1815 quam
640 1754 805 1818 exgenere
819 1733 932 1797 civium
947 1755 1073 1799 suorum

55 1818 223 1891 Deiotarus
249 1838 407 1890 armatura
430 1826 654 1910 disciplinaque
676 1837 782 1891 nostra
803 1827 1001 1891 constitutam
1018 1826 1073 1891 ha·

56 1910 158 1996 bebat,
173 1920 407 2003 equitatumque
417 1943 541 1985 omnem
552 1919 592 1983 ad
605 1919 720 1984 bellum
734 1920 905 2006 gerendum
919 1921 1072 1987 adducere

58 2004 155 2077 iussit.
182 2036 253 2077 eum
271 2015 303 2077 in
316 2013 453 2078 Pontum
471 2014 608 2078 venisset
626 2014 792 2099 copiasque
810 2036 918 2078 omnes
931 2014 963 2079 in
977 2036 1072 2078 unum
1091 2031 1122 2080 ou

59 2098 158 2170 locum
180 2107 348 2193 coegisset,
375 2129 455 2191 quae
477 2129 606 2172 numero
624 2116 717 2190 atque
740 2107 956 2172 exercitatione
977 2106 1073 2172 bello-

61 2216 125 2262 rum
143 2199 314 2265 medioeres
332 2212 419 2264 erant
442 2202 586 2284 (excepta
603 2200 685 2264 enim
708 2200 829 2286 legione
852 2210 952 2277 sexta,
979 2222 1073 2284 quam

63 2308 163 2357 seeum
184 2293 356 2358 adduxerat
373 2291 567 2357 Alexandria
587 2304 766 2357 veteranam
789 2293 892 2358 multis
914 2293 1072 2358 laboribus

10 2470 14 2477 Ι
64 2382 262 2470 periculisque
284 2386 424 2451 functam
445 2385 613 2469 multisque
636 2386 785 2452 militibus
808 2387 919 2470 partim
941 2386 1073 2451 difficul-

10 2486 12 2517 ⁵
66 2481 120 2541 late
137 2480 278 2545 itinerum
301 2503 337 2544 ac
355 2480 588 2566 navigationum
606 2480 717 2564 partim
739 2479 901 2544 crebritate
922 2479 1073 2545 bellorum

10 2630 17 2673 ι
68 2565 136 2637 adeo
157 2574 362 2651 deminutam,
389 2584 423 2637 ut
445 2574 547 2638 minus
570 2574 654 2638 mille
676 2572 852 2637 hominibus
874 2574 907 2637 in
925 2595 962 2638 ea
979 2586 1071 2650 esset,

10 2678 18 2753 t·
69 2659 191 2750 retiquae
209 2680 297 2732 erant
317 2680 378 2733 tres
396 2668 550 2753 legiones,
574 2690 636 2731 una
652 2666 808 2744 Deiotari,
830 2666 924 2743 duae,
943 2688 1023 2749 quae
1040 2666 1072 2731 in

10 2756 15 2849 l
71 2770 100 2817 00
115 2761 236 2844 proelio,
254 2761 339 2845 quod
353 2760 412 2826 Cn.
423 2761 599 2825 Domitium
613 2761 725 2825 fecisse
739 2782 809 2824 cum
824 2760 984 2825 Pharnace
998 2760 1073 2824 scri-

70 2849 189 2934 psimus,
216 2855 368 2937 fuerant),
395 2855 489 2941 legati
508 2879 527 2918 a
543 2854 705 2919 Pharnace
727 2854 815 2919 missi
833 2852 1001 2919 Caesarem
1018 2853 1073 2917 ad-

71 2957 134 3012 eunt
145 2960 237 3033 atque
253 2949 405 3034 imprimis
419 2949 632 3033 deprecantur,
651 2970 690 3011 ne
705 2948 771 3012 eius
786 2947 938 3013 adventus
951 2946 1071 3011 hostilis

69 3048 154 3106 esset:
178 3043 335 3108 facturum
362 3042 444 3106 enim
471 3041 574 3106 omnia
596 3040 792 3116 Pharnacen,
819 3062 899 3124 quae
924 3040 1074 3125 imperata

69 3141 169 3201 essene
195 3136 393 3220 maximeque
411 3135 694 3201 commemorabant
711 3135 796 3199 nulla
808 3133 1001 3200 Pharnacem
1019 3157 1075 3198 au-

66 3219 134 3292 xilia
148 3241 254 3295 contra
272 3228 440 3295 Caesarem
458 3229 609 3315 Pompeio
628 3230 702 3294 dare
720 3229 869 3307 voluisse,
889 3251 960 3294 eum
977 3228 1074 3293 Deio-

67 3314 152 3400 tarne,
168 3323 223 3408 qui
240 3324 386 3400 dedisset,
405 3334 509 3389 tamen
527 3323 556 3386 ei
574 3323 785 3388 satisfecisset.
813 3322 931 3388 Caesar
946 3344 1074 3408 respon·
1094 3343 1125 3388 ro

65 3398 110 3471 ‘lit
130 3438 161 3482 se
186 3417 254 3483 lore
280 3416 503 3501 aequissimum
526 3415 695 3493 Pharnaci,
723 3417 751 3480 si
778 3438 858 3499 quae
879 3415 1075 3501 polliceretur

63 3510 341 3585 repraesentaturus
359 3520 452 3575 essct.
480 3509 598 3574 monuit
616 3523 729 3587 autem,
748 3521 782 3574 ut
800 3510 929 3586 solebat,
947 3508 1073 3573 mitibus

64 3596 160 3667 verbis
175 3603 307 3690 legatos,
325 3626 365 3668 ne
382 3616 436 3669 aut
449 3602 634 3668 Deiotamm
653 3603 713 3668 sibi
731 3602 896 3680 obicerent,
916 3613 969 3666 aut
982 3602 1074 3666 nimis

62 3696 103 3748 ⁸0
116 3695 316 3782 gloriarentur
329 3696 489 3773 beneficio,
507 3698 591 3780 quod
604 3697 719 3761 auxilia
732 3696 883 3781 Pompeio
897 3718 958 3761 non
972 3696 1076 3760 misis-

65 3790 137 3853 ⁸0nt
159 3814 233 3856 nam
250 3813 285 3856 se
303 3812 404 3874 neque
421 3789 567 3856 libentius
586 3791 689 3856 facere
704 3791 870 3874 quicquam
888 3812 983 3873 quam
1001 3811 1075 3874 sup-

65 3867 187 3950 Phoibia
209 3884 386 3971 ignoscere,
413 3906 514 3968 neque
536 3885 764 3970 provinciarum
785 3883 925 3969 pubhcas
947 3882 1074 3947 iniurias

67 3975 231 4063 &edonare
248 3978 286 4043 iis
304 4000 412 4064 posse,
438 3977 492 4061 qui
510 3977 693 4043 fuissentin
711 4002 745 4043 se
767 3978 907 4043 officiosi.
951 3975 1025 4060 quin
1043 3976 1074 4039 id

68 4068 168 4149 speum,
185 4071 272 4157 quod
289 4083 573 4149 commemorarent,
593 4073 730 4137 officium
744 4071 841 4136 fuisse
859 4070 963 4134 utilius
977 4068 1076 4133 Phar-

70 4162 137 4241 ¹¹⁸01,
152 4166 206 4250 qui
223 4166 420 4251 providisset,
438 4187 479 4229 ne
497 4166 679 4243 vinceretur,
698 4188 792 4249 quarn
811 4163 880 4241 sibi,
899 4163 949 4228 eui
962 4161 1006 4226 dii
1018 4162 1076 4227 im-

74 4258 201 4346 F1⁰rtales
223 4258 384 4324 victoriam
406 4258 596 4324 tribuissent.
641 4260 745 4342 itaque
767 4281 897 4344 magnas
915 4269 946 4320 et
962 4278 1074 4341 graves

75 4341 180 4418 militias
193 4352 310 4418 civium
323 4353 545 4429 Romanorum,
564 4354 618 4437 qui
633 4354 665 4417 in
679 4353 781 4416 Ponto
794 4351 943 4438 negotiati
960 4361 1074 4426 essent,

77 4446 200 4516 quoniam
213 4447 247 4511 in
259 4446 413 4533 integrum
423 4447 583 4511 restituere
594 4470 656 4510 non
670 4458 785 4531 posset,
800 4446 968 4510 concedere
977 4444 1076 4508 Phar-

77 4540 134 4604 ua.
159 4565 233 4607 nam
250 4563 352 4626 neque
368 4541 537 4607 interfectis
556 4542 704 4607 amissam
718 4542 814 4605 vitam
828 4562 929 4624 neque
942 4538 1074 4604 exsectis

114 4640 174 4685 latina
188 4643 278 4686 (esaar.
873 4641 904 4693 21
