2738 5272
168 725 231 790 372
474 734 588 789 BELLI
608 730 873 790 HISPANIENSIS

169 861 284 947 gustati
311 857 599 944 praecipitabantur.
649 856 699 921 hic
726 854 851 919 alternis
878 876 943 918 non
972 852 1088 918 solum
1119 855 1211 918 morti

168 964 298 1019 mortem
316 951 561 1039 exaggerabant,
585 951 641 1016 sed
659 950 795 1014 tumulos
814 947 942 1012 tumulis
962 947 1209 1032 exaequabant.

167 1049 210 1112 ita
226 1048 336 1113 diebus
354 1045 564 1131 compluribus
578 1045 724 1130 cupiebat
739 1042 865 1118 Caesar,
885 1041 912 1106 si
925 1064 993 1124 qua
1013 1043 1211 1106 condicione

167 1151 286 1227 posset,
313 1141 507 1205 adversarios
529 1141 562 1203 in
585 1162 719 1222 aequum
742 1138 844 1202 locum
867 1135 1031 1201 deducere
1052 1146 1089 1200 et
1107 1137 1210 1221 primo

134 1256 290 1319 equoque
308 1245 447 1319 tempore
469 1235 508 1298 de
530 1233 612 1298 bello
635 1234 810 1297 decernere.
853 1230 886 1293 id
903 1251 979 1294 cum
998 1231 1211 1295 animadver-

167 1339 244 1393 teret
262 1327 456 1392 adversarios
476 1327 602 1390 minime
621 1326 710 1403 velle,
729 1346 791 1408 quo
806 1346 870 1398 eos,
889 1323 1060 1406 quomodo
1075 1323 1120 1388 ab
1136 1323 1210 1388 Ulia

166 1431 348 1496 retraxerat,
371 1421 403 1484 in
420 1442 555 1504 aequum
573 1420 753 1494 deduceret,
777 1417 874 1501 copiis
893 1416 1029 1480 {lumine
1050 1418 1210 1482 traductis

166 1528 260 1580 noctu
276 1515 363 1580 iubet
380 1516 468 1602 ignes
488 1515 553 1579 lieri
571 1537 717 1600 magnos:
735 1515 779 1578 ita
791 1512 1008 1576 firmissimum
1026 1513 1105 1576 eius
1120 1535 1211 1599 prae·

168 1611 281 1674 sidium
298 1609 457 1696 Ateguam
476 1610 689 1695 proficiscitur.
734 1610 766 1672 id
784 1630 856 1672 cum
874 1607 1057 1691 Pompeius
1079 1631 1124 1673 ex
1142 1631 1210 1695 pcr-

167 1705 252 1790 fugis
278 1704 423 1768 rescisset
454 1702 539 1786 ‘qua
569 1703 619 1766 die
646 1703 825 1766 facultatem
853 1712 883 1764 et
909 1702 1088 1785 angustias
1123 1726 1211 1768 carra

168 1798 327 1883 complura
352 1796 466 1861 multos
492 1793 644 1860 lanistas*
671 1795 798 1859 retraxit
824 1807 854 1858 et
880 1795 920 1858 ad
948 1793 1150 1861 Cordubam
1178 1819 1210 1862 se

167 1892 292 1974 recepit.
321 1888 440 1955 Cacsar
456 1889 680 1954 munitionibus
694 1890 854 1973 Ateguam
873 1909 1068 1973 oppugnare
1088 1902 1122 1954 et
1142 1891 1210 1954 bra-

170 1983 241 2048 chia
258 1983 487 2047 circumducere
505 1983 616 2067 coepit.
644 1983 698 2065 qui
715 2005 786 2045 cum
802 1981 954 2066 Pompeio
968 1984 1113 2050 nuntius
1128 1998 1210 2049 essct

168 2077 293 2153 allatus,
316 2099 353 2139 eo
372 2076 421 2140 die
440 2077 652 2162 proficiscitur.
697 2077 785 2140 cuius
804 2076 836 2139 in
858 2075 1034 2139 adventum
1055 2079 1208 2162 praesidii

168 2194 264 2235 causa
286 2168 498 2235 Caesareum
521 2169 681 2254 complura
706 2169 833 2234 castella
854 2184 1064 2253 occupasset,
1095 2174 1208 2257 partim

168 2263 222 2329 ubi
240 2263 395 2346 equitatus
413 2265 525 2348 partim
547 2262 601 2328 ubi
623 2263 775 2348 pedestris
794 2263 884 2347 copia
905 2263 938 2325 in
961 2265 1110 2330 statione
1130 2277 1161 2330 et
1178 2266 1207 2329 iu

169 2357 315 2422 excubitu
341 2358 451 2421 castris
477 2357 632 2441 pracsidio
660 2379 729 2421 esse
755 2367 897 2441 possent,
925 2355 977 2419 hic
1000 2357 1036 2420 in
1067 2361 1207 2423 adventu

168 2450 299 2535 Pompei
322 2451 442 2526 incidit,
469 2462 503 2514 ut
530 2451 680 2514 matutino
703 2463 840 2534 tempore
866 2448 983 2513 nebula
1005 2464 1102 2516 esset
1127 2476 1207 2518 cras·

169 2545 302 2609 sissima.
347 2544 391 2608 ita
412 2544 464 2607 illa
487 2543 703 2609 obscuratione
727 2567 797 2607 cum
821 2543 938 2626 aliquot
961 2543 1160 2611 cohortibus
1178 2564 1205 2610 et

170 2640 307 2722 equitum
331 2639 439 2702 turmis
462 2637 708 2702 circumcludunt
727 2637 872 2701 Caesaris
895 2637 1017 2720 equites
1046 2651 1082 2703 et
1107 2642 1206 2706 couci·

170 2734 257 2808 (lunt,
277 2733 321 2796 sic
339 2743 373 2796 ut
391 2732 443 2795 vix
461 2732 494 2795 in
512 2754 548 2795 ca
566 2732 661 2795 caede
680 2732 771 2816 pauci
790 2731 972 2815 effugerent.

138 2852 150 2896 r
234 2827 414 2909 Insequenti
433 2837 522 2890 nocte
541 2838 642 2890 castra
656 2850 713 2890 sua
726 2827 862 2890 incendit
876 2826 1055 2909 Pompeius
1073 2840 1108 2892 ct
1123 2841 1204 2893 trans

170 2923 285 2985 flumen
300 2920 427 2985 Salsum
445 2943 500 3004 per
518 2920 673 2984 convalles
693 2932 794 2984 castra
811 2921 890 2983 inter
908 2919 970 2982 duo
985 2922 1115 3005 oppida
1131 2922 1206 2986 Ate-

170 3037 264 3099 guam
283 3025 314 3077 et
333 3012 469 3077 Ucubim
488 3015 520 3076 in
538 3025 641 3076 monte
660 3015 827 3077 coustituit.
873 3013 993 3077 Caesar
1015 3017 1206 3081 munitioni·

171 3107 229 3171 bus
249 3107 373 3180 ceteris,
396 3128 476 3186 quac
495 3107 534 3168 ad
553 3108 796 3190 oppugnandum
818 3129 896 3191 opus
919 3106 1066 3185 fuerunt,
1090 3159 1099 3174 .
1121 3159 1130 3175 .
1154 3135 1207 3196 ag·

170 3221 276 3284 gercm
294 3199 463 3280 vincasque
482 3221 574 3283 agere
593 3200 732 3263 instituit.
760 3201 837 3264 haec
855 3201 924 3264 loca
942 3213 1015 3264 sunt
1030 3216 1206 3269 montuosa

170 3302 201 3355 et
218 3302 328 3354 natura
346 3292 428 3354 edita
446 3292 486 3355 ad
504 3315 568 3355 rem
592 3293 768 3371 militarem3
792 3316 871 3377 quae
893 3294 1027 3378 planicie
1054 3299 1207 3362 dividun-

171 3396 228 3460 tur,
250 3383 341 3449 Salso
359 3384 494 3461 flumine,
514 3387 653 3470 proxime
671 3398 774 3451 tamen
788 3387 945 3473 Ateguam
965 3399 999 3451 ut
1013 3389 1143 3456 flumen
1158 3393 1206 3465 sit,

170 3478 290 3541 circiter
307 3500 458 3563 passuum
477 3480 539 3543 duo
557 3480 650 3543 milia.
686 3503 725 3543 ex
743 3503 780 3544 ca
798 3482 924 3566 regione
939 3482 1048 3566 oppidi
1065 3485 1102 3548 in
1118 3509 1207 3549 mon·

170 3572 253 3636 tibus
280 3583 382 3637 castra
408 3572 517 3636 habuit
538 3574 639 3657 posita
660 3572 830 3658 Pompeius
854 3576 886 3637 in
912 3589 1092 3658 conspectu
1120 3591 1207 3643 utro-

169 3689 300 3749 rumque
322 3667 507 3752 oppidorum
531 3690 631 3750 neque
650 3669 714 3731 suis
734 3692 829 3732 ausus
847 3681 895 3732 est
918 3668 1063 3733 subsidio
1085 3675 1206 3737 venire.

170 3759 302 3843 Aquilae
326 3773 355 3823 et
378 3761 468 3845 signa
490 3760 597 3824 habuit
614 3761 704 3824 Xlll
726 3762 892 3847 legionum.
938 3762 993 3825 sed
1017 3785 1060 3826 ex
1086 3767 1206 3848 quibus

169 3854 288 3937 aliquid
314 3855 499 3919 firmamenti
526 3878 560 3918 sc
587 3856 783 3919 existimabat
806 3856 935 3932 habere,
962 3856 1044 3920 duae
1071 3860 1206 3925 fuerunt

170 3948 366 4024 vernaculae,
386 3971 465 4031 quae
485 3973 503 4011 a
522 3948 679 4012 Trebonio
698 3949 944 4035 transfugerant3
971 3971 1035 4013 una
1054 3950 1149 4017 facta
1166 3977 1205 4017 ex

169 4040 308 4116 coloniis,
326 4063 406 4123 quac
424 4042 549 4105 fuerunt
568 4041 599 4104 in
618 4041 666 4105 his
685 4042 878 4127 regionibus3
897 4053 1007 4126 quarta
1025 4043 1092 4110 suit
1106 4047 1206 4112 Afra-

168 4133 261 4196 niana
289 4155 328 4196 cx
355 4133 479 4211 Africa,
507 4157 602 4217 quam
629 4158 734 4198 sccum
763 4137 944 4200 adduxerat.
988 4136 1138 4221 reliquae
1165 4164 1204 4204 cx

169 4225 308 4309 lugitim's
329 4224 522 4312 [auxiliares]
543 4228 763 4293 consistebant.
808 4254 880 4293 nam
899 4231 938 4292 dc
956 4229 1018 4292 levi
1037 4248 1202 4299 armatura

168 4328 199 4378 et
216 4319 355 4399 equitatu
377 4320 469 4405 longe
493 4333 523 4385 et
542 4322 655 4385 virtute
674 4333 704 4386 et
727 4345 855 4387 numero
874 4324 972 4387 nostri
994 4339 1087 4389 crant
1108 4351 1200 4414 supe-

134 4409 274 4474 stiores.
319 4413 479 4477 accidebat
502 4414 575 4493 hoc,
604 4426 638 4478 ut
660 4415 785 4500 longius
809 4416 924 4480 bellum
948 4417 1085 4482 duceret‘
1104 4421 1200 4486 Pom·

167 4502 270 4584 peius,
298 4506 382 4586 quod
404 4507 474 4571 loca
497 4519 570 4572 sunt
593 4509 676 4573 edita
698 4520 729 4573 et
751 4511 791 4574 ad
810 4522 981 4575 castrorum
1004 4514 1197 4579 munitiones
