2738 5272
230 821 294 888 284
568 833 621 888 DE
639 831 764 889 BELLO
782 831 903 890 ClVILI

230 958 286 1022 sed
303 957 531 1043 interpellatum
552 957 689 1021 adventu
707 953 852 1021 Caesaris
874 953 1062 1041 profugisse.
1104 953 1149 1018 ita
1170 949 1251 1019 duo·

229 1050 289 1117 bus
307 1050 497 1137 temporibus
515 1050 674 1135 Ephesiae
690 1051 840 1135 pecuniae
859 1047 978 1116 Caesar
999 1048 1150 1113 auxilium
1167 1047 1248 1111 tulit.

228 1241 303 1304 item
325 1239 486 1305 constabat
506 1239 600 1304 Elide
621 1240 654 1304 in
674 1239 790 1324 templo
812 1238 974 1303 Minervae
994 1237 1133 1322 repetitis
1156 1245 1251 1321 atque

229 1333 415 1399 enumeratis
441 1332 562 1411 diebus,
588 1356 651 1417 quo
677 1333 727 1397 die
753 1332 905 1418 proelium
931 1332 1102 1398 secundum
1130 1329 1251 1395 Cacsar

228 1426 368 1504 fecisset,
396 1427 595 1492 simulacrum
613 1426 783 1504 Victoriae,
810 1426 894 1510 quod
915 1435 986 1491 ante
1007 1425 1109 1510 ipsam
1130 1423 1251 1488 Miner-

228 1543 302 1585 vam
327 1521 511 1586 collocatum
537 1530 620 1585 esset
648 1530 678 1585 et
705 1531 776 1585 ante
802 1521 843 1585 ad
865 1520 1064 1585 simulacrum
1086 1518 1250 1585 Minervae

229 1615 446 1701 spectavisset,
473 1615 514 1680 ad
539 1615 647 1680 valvas
674 1636 709 1679 se
735 1615 842 1699 templi
869 1614 1025 1697 limenque
1047 1613 1249 1678 convertisse.

229 1709 401 1793 eodemque
426 1708 477 1772 die
502 1707 688 1773 Antiochiae
714 1709 746 1773 in
770 1706 863 1794 Syria
888 1707 937 1773 bis
963 1718 1068 1773 tantus
1095 1707 1250 1772 exercitus

230 1803 346 1867 clamor
371 1820 402 1866 ct
428 1802 588 1889 signorum
614 1826 709 1868 sonus
736 1803 900 1867 exauditus
931 1811 993 1880 est,
1027 1810 1063 1866 ut
1093 1802 1125 1865 in
1151 1801 1251 1865 muris

230 1906 348 1961 armata
369 1897 477 1961 civitas
500 1896 694 1962 discurreret.
738 1896 798 1961 hoc
819 1898 894 1961 item
911 1895 1104 1961 Ptolemaide
1127 1895 1249 1959 accidit

229 1988 377 2076 Pergami
403 1991 436 2053 in
462 1990 591 2054 occultis
622 2013 659 2054 ac
685 1991 852 2056 reconditis
879 1990 999 2075 templi,
1035 2011 1098 2072 quo
1127 1999 1251 2074 praeter

230 2083 405 2148 sacerdotes
428 2082 512 2147 adire
534 2082 584 2147 fas
605 2105 669 2147 non
690 2094 751 2160 est,
777 2106 858 2167 quae
882 2081 996 2148 Graeci
1018 2078 1122 2148 ddum
1143 2081 1251 2167 appel-

229 2175 307 2253 lant,
347 2185 495 2260 tympana
529 2188 706 2240 sonuerunt.
759 2178 833 2242 item
869 2176 1027 2241 Trallibus
1065 2177 1099 2240 in
1132 2175 1251 2261 templo

229 2268 401 2347 Victoriae,
426 2269 482 2334 ubi
509 2269 655 2335 Caesaris
682 2280 817 2335 statuam
844 2280 1114 2347 consecraverant,
1145 2270 1252 2355 palma

229 2383 285 2447 per
315 2384 368 2427 eos
400 2363 466 2428 dies
499 2361 674 2450 [intecto]
707 2365 787 2429 inter
820 2375 1005 2450 coagmenta
1037 2364 1176 2449 lapidum
1211 2387 1251 2429 ex

165 2475 212 2523 106
230 2456 407 2540 pavimento
433 2456 589 2522 exstitisse
616 2457 845 2523 ostendebatur.
895 2458 1013 2524 Caesar
1038 2481 1155 2543 paucos
1182 2459 1250 2522 dies

229 2549 262 2613 in
279 2549 360 2614 Asia
380 2561 532 2629 moratus,
560 2574 632 2616 cum
654 2553 794 2618 audisset
810 2553 996 2638 Pompeium
1015 2552 1113 2638 Cypri
1135 2553 1249 2630 visum,

230 2644 406 2709 coniectans
434 2668 505 2710 eum
531 2644 715 2732 Aegyptum
741 2647 799 2711 iter
823 2646 937 2712 babere
963 2658 1089 2732 propter
1113 2647 1251 2711 necessi-

230 2739 353 2803 tudines
379 2740 467 2826 regni
492 2740 689 2825 reliquasque
719 2742 786 2805 eius
816 2741 875 2806 loci
902 2742 1146 2826 opportunitates
1178 2762 1251 2805 cum

229 2830 352 2918 legione
378 2855 454 2910 una,
486 2856 582 2917 quam
608 2857 643 2899 se
669 2857 708 2899 ex
735 2835 900 2899 Thessalia
926 2835 1014 2918 sequi
1040 2835 1186 2912 iusserat,
1219 2846 1250 2899 et

230 2925 339 3002 altera,
366 2949 460 3010 quam
487 2950 526 2990 ex
552 2927 675 2992 Achaia
701 2952 721 2992 a
744 2927 784 3010 Q.
807 2928 899 2992 Fufio
924 2928 1029 3014 legato
1055 2941 1248 3005 evocaverat,

230 3019 448 3103 equitibusque
478 3019 603 3085 DCCC
635 3030 666 3084 et
695 3021 827 3086 navibus
857 3021 960 3106 longis
990 3020 1122 3086 Rhodiis
1152 3021 1190 3084 X
1220 3033 1251 3085 et

229 3112 378 3177 Asiaticis
412 3114 520 3198 paucis
555 3111 780 3178 Alexandriam
814 3115 964 3199 pervenit.
1012 3115 1045 3179 in
1079 3115 1127 3178 his
1162 3125 1251 3180 erant

229 3205 403 3292 legionibus
421 3206 581 3270 bominum
599 3207 683 3271 milia
704 3208 763 3270 tria
781 3206 854 3284 CC;
876 3207 986 3291 reliqui
1008 3208 1187 3272 vulneribus
1211 3232 1251 3273 cx

229 3299 353 3384 proeliis
380 3310 411 3364 et
436 3300 542 3366 labore
568 3323 606 3365 ac
631 3301 845 3386 magnitudine
872 3302 990 3366 itineris
1018 3302 1151 3367 confecti
1176 3324 1251 3367 con·

230 3393 318 3475 sequi
344 3416 406 3457 non
432 3405 604 3479 potuerant.
654 3395 710 3459 sed
733 3393 852 3459 Caesar
878 3396 1014 3461 confisus
1036 3396 1122 3461 fama
1147 3419 1251 3461 rerum

229 3496 387 3573 gestarum
413 3487 543 3552 infirmis
566 3489 688 3553 auxiliis
715 3489 870 3573 proficisci
892 3512 956 3554 non
982 3489 1177 3555 dubitaverat
1199 3513 1251 3554 ae-

230 3604 291 3666 que
309 3605 434 3647 omnem
456 3583 515 3649 sibi
537 3583 640 3648 locum
662 3594 763 3647 tutum
785 3584 852 3649 foro
875 3584 1067 3648 existimans.
1111 3584 1251 3648 Alexan·

231 3677 316 3741 driac
342 3677 381 3741 de
406 3677 539 3762 Pompei
563 3688 662 3742 morte
689 3679 849 3763 cognoscit
880 3690 973 3761 atque
1002 3678 1046 3742 ibi
1072 3679 1207 3763 primum
1234 3700 1251 3742 e

230 3793 309 3835 nave
327 3772 489 3856 egrediens
508 3771 675 3836 clamorem
692 3773 824 3836 militum
843 3772 943 3848 audit,
967 3794 1045 3855 quos
1068 3794 1123 3836 rex
1144 3773 1177 3835 in
1195 3794 1252 3856 op-

229 3864 303 3948 pido
321 3864 467 3949 praesidii
485 3885 580 3929 causa
600 3865 780 3947 reliquerat,
808 3877 839 3929 ct
861 3886 1046 3930 concursum
1069 3865 1110 3929 ad
1131 3886 1165 3929 se
1183 3863 1251 3928 fieri

230 3957 327 4034 videt,
355 3959 439 4042 quod
465 3958 567 4023 fasces
594 3958 827 4024 anteferrentur.
877 3961 909 4024 in
935 3960 995 4025 boc
1021 3960 1121 4024 omnis
1147 3959 1252 4024 multi-

230 4052 305 4116 tudo
328 4053 521 4118 maiestatem
543 4053 660 4138 regiam
687 4053 785 4117 minui
805 4052 1013 4139 praedicabat.
1057 4054 1117 4118 hoc
1143 4054 1252 4119 sedato

230 4145 365 4209 tumultu
391 4146 516 4210 crebrae
542 4147 696 4211 continuis
723 4146 833 4212 diebus
860 4170 900 4212 ex
931 4169 1083 4211 concursu
1114 4147 1253 4212 multitu·

229 4237 311 4302 dinis
338 4240 558 4304 concitationes
588 4239 717 4317 fiebant,
753 4240 989 4326 compluresque
1019 4240 1131 4305 milites
1158 4240 1252 4307 huius

165 4349 212 4397 107
231 4329 316 4394 urbis
348 4333 493 4399 omnibus
523 4334 662 4420 partibus
693 4335 963 4400 interficiebantur.
1012 4334 1126 4417 quibus
1157 4334 1252 4400 rebus

230 4424 453 4490 animadversis
479 4427 618 4513 legiones
645 4427 704 4493 sibi
731 4429 808 4493 alias
839 4451 878 4493 cx
904 4429 984 4493 Asia
1010 4429 1123 4493 adduci
1149 4429 1250 4507 iussit,

231 4538 308 4601 quas
344 4541 383 4582 ex
412 4518 612 4605 Pompeianis
647 4521 797 4588 militibus
832 4522 1016 4588 confecerat.
1068 4523 1136 4609 ipse
1167 4523 1251 4587 enim
