2692 5206
487 782 606 839 OOMll.
623 785 645 839 l.
664 783 784 837 27-31.
1085 771 1144 835 191

106 909 290 994 {cipiunt
315 906 443 984 Caesar,
458 907 517 971 etsi
529 906 570 971 ad
583 929 670 992 spem
685 905 868 970 conficiendi
881 908 997 992 negotii
1010 908 1146 973 maxime
1165 928 1196 977 29

106 1001 275 1089 probabat
288 1002 403 1067 coactis
417 1001 550 1067 navibus
566 1024 651 1065 mare
665 1001 795 1065 transire
809 1011 839 1064 et
847 999 1033 1085 Pompeium
1048 1004 1145 1086 sequi,

106 1096 305 1181 priusquam
318 1097 371 1160 ille
385 1119 455 1161 sese
469 1096 681 1163 transmarinis
692 1095 815 1159 auxiliis
825 1095 1029 1174 eonfimraret,
1044 1107 1147 1162 tamen

115 1188 199 1254 eius
213 1191 256 1255 rei
272 1212 392 1257 moram
406 1190 615 1274 temporisque
629 1189 888 1273 longinquitatem
906 1190 1044 1268 timebat,
1063 1192 1146 1275 qnod

125 1283 269 1348 omnibus
287 1284 402 1349 coactis
421 1283 553 1348 navibus
566 1283 737 1368 Pompeius
755 1293 951 1367 praesentem
968 1283 1146 1350 facultatem

130 1375 308 1460 insequendi
326 1378 376 1441 sui
394 1378 559 1441 ademerat.
587 1377 825 1459 relinquebatur,
844 1388 879 1440 ut
896 1399 936 1441 ex
952 1378 1149 1464 longinquio-

139 1468 217 1534 ribus
231 1470 409 1557 regionibus
424 1469 545 1536 Galliae
559 1471 728 1555 Picenique
747 1482 777 1535 et
795 1496 814 1535 a
831 1471 910 1536 freto
928 1496 1024 1537 naves
1043 1484 1148 1537 essent

146 1566 362 1648 exspectandae.
399 1565 432 1629 id
448 1577 575 1650 propter
596 1565 668 1629 anni
687 1578 809 1649 tempus
832 1565 962 1651 longum
980 1576 1073 1649 atque
1090 1567 1148 1630 im-

149 1658 264 1738 peditum
273 1659 445 1724 ridebatur.
468 1660 586 1723 interea
600 1670 736 1723 veterem
750 1660 929 1737 exercitum,
944 1661 1021 1725 duas
1031 1660 1149 1746 IIispa-

154 1749 389 1830 niasconfirmari,
404 1775 534 1836 quarum
550 1763 613 1818 erat
623 1754 719 1817 altera
732 1754 876 1817 maximis
886 1754 1044 1819 benefieiis
1053 1754 1150 1819 Porn-

156 1844 195 1925 pei
203 1846 344 1923 devincta,
363 1847 488 1923 auxilia,
507 1847 678 1929 equitatum
692 1848 803 1932 parari,
819 1844 954 1912 Galliam
964 1847 1149 1932 Italiamque

159 1943 271 2025 temptari
288 1964 323 2007 se
341 1940 471 2007 absente
487 1941 621 2006 nolebat.
653 1943 757 2025 itaque
776 1942 808 2006 in
825 1943 1000 2027 praesentia
1016 1942 1147 2027 Pompei
1168 1964 1180 2005 ι’

160 2037 277 2115 sequendi
293 2037 446 2100 rationem
464 2036 586 2112 omittit,
606 2036 638 2098 in
655 2035 844 2121 Hispaniam
861 2036 1017 2121 proficisci
1034 2035 1149 2101 consti-

161 2123 210 2190 tnit:
226 2129 394 2194 duumviris
412 2130 651 2213 municipiorum
669 2130 807 2195 onmium
826 2130 971 2215 imperat,
994 2140 1030 2194 ut
1050 2151 1148 2194 naves

161 2223 307 2304 sumant
328 2223 596 2306 Brundisiumque
619 2223 817 2288 deducendas
845 2233 961 2288 curent.
1002 2222 1096 2287 mittit
1116 2223 1149 2286 in

162 2304 304 2382 Sudinmm
317 2340 390 2382 eum
403 2317 525 2403 legione
538 2340 601 2381 una
614 2316 775 2383 Valerium
792 2318 940 2404 legatum,
959 2318 992 2382 in
1006 2316 1146 2382 Siciliam

162 2399 296 2475 cunonem
313 2433 371 2496 pro
388 2423 530 2496 praetore
549 2434 620 2474 cum
637 2411 813 2497 legionibus
832 2412 881 2489 Il;
908 2412 1056 2487 eundem,
1076 2432 1148 2475 cum

162 2492 267 2568 Siciliam
287 2505 471 2589 recepisset,
499 2505 639 2590 protinus
663 2506 694 2568 in
712 2505 856 2569 Africam
878 2506 1040 2569 traducere
1062 2526 1149 2568 exer·

161 2588 227 2660 titum
240 2597 334 2663 iubet.
373 2596 550 2662 Sardiniam
568 2599 728 2663 obtinebat
746 2598 792 2662 M.
813 2598 923 2675 Cotta,
944 2596 1083 2663 Siciliam
1101 2596 1148 2660 M.

161 2680 226 2767 cutm
240 2691 383 2757 Africam
401 2703 484 2757 sorte
498 2693 624 2757 Tubero
642 2693 780 2757 obtinere
799 2692 941 2757 debebat.
970 2692 1148 2765 Caralitani

161 2776 225 2848 tinrul
238 2786 278 2851 ad
295 2809 330 2851 se
345 2785 506 2850 Valerium
520 2787 600 2850 mitti
614 2788 786 2863 audierunt,
806 2787 942 2850 nondum
957 2785 1097 2869 prosceto
1111 2807 1149 2848 ex

160 2866 224 2942 Italia
240 2902 297 2945 sna
314 2891 426 2965 sponte
445 2880 570 2945 Cottam
594 2903 633 2943 ex
655 2881 770 2964 oppido
793 2880 916 2944 eiciunt.
960 2879 1012 2943 illc
1034 2889 1150 2962 perter-

160 2963 221 3047 rlssa
235 2975 316 3057 quod
334 2997 459 3039 omnem
475 2975 667 3059 provinciam
686 2974 860 3039 consentire
879 2971 1092 3057 intellegebat,
1110 2993 1151 3035 ex

162 3051 273 3141 Saulinia
289 3068 323 3131 in
336 3066 478 3131 Africam
492 3067 639 3153 profugit.
668 3067 748 3131 Cato
762 3067 794 3130 in
810 3065 918 3131 Sicilia
929 3088 1026 3131 naves
1040 3065 1149 3150 longas

161 3163 247 3225 llieres
256 3160 424 3236 reficiebat,
438 3183 535 3225 noras
549 3161 726 3225 civitatibus
740 3159 921 3244 imperabat.
949 3160 1025 3223 haee
1035 3181 1150 3244 magno

161 3250 233 3316 studio
256 3253 380 3339 agebat.
416 3255 447 3317 in
469 3255 609 3318 Lucanis
632 3255 825 3337 Bruttiisque
851 3277 907 3338 per
933 3254 1053 3339 legatos
1075 3274 1149 3316 suos

106 3402 109 3423 ‚
162 3337 244 3411 dnum
254 3347 469 3412 Romanorum
483 3348 620 3411 delectus
633 3347 778 3425 habebat,
797 3348 935 3431 equitum
950 3347 1150 3432 peditumque

106 3448 108 3499 i
162 3447 247 3505 catum
267 3463 433 3505 numerum
455 3466 474 3505 a
496 3441 673 3505 civitatibus
697 3441 824 3506 Siciliae
846 3441 1000 3527 exigebat.
1036 3439 1150 3523 quibus

161 3524 226 3628 {tlte
243 3557 343 3620 paene
364 3536 510 3619 perfectis
534 3536 670 3599 adventu
694 3535 840 3600 Curionis
862 3536 988 3619 cognito
1012 3533 1152 3617 queritur

162 3629 325 3693 rannone
348 3650 419 3693 sese
441 3629 614 3714 proiectum
636 3652 672 3692 ae
695 3630 851 3713 proditum
872 3654 892 3693 a
910 3628 969 3693 Cn.
988 3626 1149 3711 Pompeio,

161 3713 198 3793 qli
209 3722 344 3787 omnibus
363 3722 456 3787 rebus
470 3722 718 3807 imparatissimis
732 3746 794 3787 non
807 3723 1017 3788 necessarium
1036 3720 1150 3785 brellum

161 3816 319 3899 erupisset
347 3829 378 3881 et
404 3816 443 3881 ab
471 3840 505 3881 se
532 3817 722 3900 reliquisque
748 3817 781 3881 in
807 3835 916 3882 senatu
942 3817 1150 3897 inuerreguus

161 3905 237 3971 onnia
251 3909 311 3974 sibi
329 3931 401 3974 esse
418 3910 458 3973 ad
480 3910 598 3975 bellum
619 3924 693 3995 apta
710 3934 747 3975 ac
764 3928 873 3996 parata
895 3908 1150 3975 consrmrarieset.

159 3989 257 4066 bain
273 4004 417 4068 contione
436 4016 564 4086 questus
583 4027 622 4068 ex
639 4005 799 4089 provincia
816 4005 906 4091 fugit.
937 4003 1020 4068 nacti
1036 4024 1148 4067 vacuas
1170 4029 1182 4065 :·.

157 4085 325 4181 thinperiis
341 4096 518 4163 Sardiniam
531 4098 686 4175 Valerius,
707 4098 803 4164 Curio
823 4097 963 4164 Siciliam
980 4120 1050 4161 eram
1064 4120 1152 4163 ‹ener-

155 4180 245 4253 eitibns
261 4213 299 4256 eo
317 4192 511 4276 perveniunt.
549 4192 685 4270 Tubero,
705 4215 776 4256 eum
793 4193 827 4256 in
844 4191 987 4255 Africam
1005 4192 1151 4267 renisus,

153 4274 249 4347 invenit
265 4284 296 4349 in
314 4285 476 4370 provincia
497 4309 568 4351 cum
591 4286 720 4371 imperio
738 4286 862 4349 Attium
880 4283 1014 4359 Varurm
1036 4286 1089 4369 qui
1113 4288 1151 4349 acl

150 4366 319 4457 Auximum,
344 4390 378 4443 ut
396 4402 490 4465 supra
507 4381 803 4457 demonstravimus,
827 4378 952 4443 amissis
974 4380 1149 4445 ‹aalnmibm

148 4468 271 4549 antuus
293 4496 334 4538 ex
356 4473 434 4559 fuga
454 4475 487 4538 in
509 4473 653 4539 Africam
675 4484 856 4559 pervenerat
879 4484 972 4555 atque
999 4496 1067 4537 crum
1096 4506 1151 4537 aa.

145 4578 245 4645 sponte
253 4589 383 4633 vacuam
392 4580 597 4653 occupaverat
610 4569 793 4651 delectuque
807 4564 999 4631 habitaclum:
1013 4566 1127 4647 legion·
1141 4616 1146 4631 .
