2738 5272
134 712 197 778 398
520 721 770 778 FRAGMENTA.

546 883 747 965 Epistolac.

185 1000 336 1053 Scatone.
346 998 392 1052 56:
411 997 558 1067 Epistulae
568 995 752 1067 quoqueeius
762 996 936 1050 adsenatum
946 1001 1080 1063 erstant3
1095 1012 1171 1065 quas

134 1076 239 1146 primus
257 1075 367 1129 videtur
380 1076 417 1129 ad
431 1073 552 1145 paginas
566 1080 596 1127 et
608 1073 727 1128 formam
746 1071 916 1126 memorialis
934 1071 1027 1125 libelli
1043 1087 1170 1126 cenver-

134 1153 216 1222 tisse,
234 1147 1169 1207 cumanteaconsulesetduccsnonnisitransrersachartascri·

133 1237 198 1299 ptas
207 1231 356 1285 mitterent
380 1236 493 1284 exstant
501 1235 531 1283 ct
540 1229 575 1283 ad
588 1228 764 1295 Ciceronem,
778 1229 844 1283 item
853 1228 890 1281 ad
899 1226 1057 1281 familiares
1068 1227 1169 1281 deme·

135 1307 213 1361 sticis
228 1307 263 1360 de
276 1307 376 1374 rebus,
393 1307 423 1360 in
438 1306 542 1376 quibus
556 1306 580 1359 si
591 1323 647 1377 qua
657 1305 795 1360 occultius
810 1303 980 1374 perferenda
994 1310 1095 1373 eram,
1113 1320 1169 1374 per

134 1389 216 1436 notas
226 1382 351 1452 scripsit,
370 1383 400 1436 id
413 1390 458 1436 est
471 1384 512 1436 sic
522 1390 629 1437 structo
640 1383 795 1436 litterarum
809 1381 921 1449 ordine,
939 1386 971 1433 ut
980 1381 1095 1434 nullum
1104 1397 1168 1435 ver·

133 1459 200 1512 burn
218 1457 293 1512 effici
311 1466 424 1528 posset3
448 1476 521 1530 quae
540 1459 563 1512 si
588 1459 651 1529 quis
674 1458 846 1528 investigare
870 1463 899 1511 et
923 1457 1062 1527 persequi
1085 1457 1168 1519 velit,

134 1541 262 1606 quartam
276 1535 479 1589 elementorum
492 1537 627 1602 litteram,
645 1535 675 1589 id
689 1542 733 1590 est
746 1536 763 1588 d
775 1551 826 1604 pro
836 1551 853 1589 a
863 1540 891 1588 ct
901 1533 1018 1602 perinde
1033 1533 1169 1605 reliquas

133 1618 293 1667 commutet.
332 1613 402 1667 Gau.
411 1612 505 1676 XVII,
515 1613 545 1665 9:
563 1611 644 1666 Libri
658 1618 725 1665 sunt
739 1612 923 1681 epistolarum
932 1608 961 1663 C.
973 1608 1114 1664 Caesaris
1129 1610 1169 1664 ad

133 1688 164 1743 C.
174 1686 297 1758 Oppium
315 1694 344 1743 et
356 1688 478 1743 Balbum
493 1689 667 1755 Cornelium,
687 1687 735 1759 qui
749 1688 835 1742 rebus
854 1688 913 1741 eius
933 1686 1064 1740 absentis
1085 1703 1170 1741 cura-

134 1766 213 1819 bant.
257 1766 290 1819 ln
308 1765 352 1818 his
370 1765 499 1835 epistolis
519 1765 687 1835 quibusdam
705 1765 735 1819 in
753 1764 824 1818 locis
847 1762 1028 1817 inveniuntur
1046 1762 1169 1819 litterae

135 1841 306 1911 singulariae
326 1842 387 1895 sine
405 1843 580 1912 coagmentis
599 1842 787 1911 syllabarum,
807 1858 878 1911 quas
896 1846 927 1892 tu
945 1846 1029 1909 putes
1050 1840 1169 1908 positas

134 1918 290 1972 incondite:
308 1935 374 1972 nam
383 1919 470 1971 verba
480 1934 514 1971 ex
524 1919 568 1971 his
578 1918 678 1972 litteris
689 1916 791 1971 confici
801 1918 1079 1986 nullapossuntcett.

185 1996 234 2048 Ad
249 1994 287 2047 Μ.
301 1994 450 2048 Tullium
470 1993 679 2050 Ciceronem.
717 1995 769 2048 Cic.
783 1995 904 2047 chem.
920 1993 941 2046 1.
955 1992 981 2060 9,
996 1991 1031 2045 20
1050 1992 1093 2063 (a.
1107 1994 1170 2064 &Bt

133 2070 203 2124 Cum
213 2071 365 2139 Pompeius
378 2072 419 2124 ita
428 2072 635 2138 contendisset,
653 2077 685 2124 ut
698 2071 769 2124 nihil
783 2086 914 2139 nmquam
928 2068 1034 2138 magis,
1052 2074 1089 2123 ut
1103 2087 1170 2124 cum

135 2146 238 2200 Crasso
248 2148 367 2201 redirem
377 2146 406 2200 in
417 2147 550 2216 gratiam,
570 2146 732 2218 Caesarque
748 2164 797 2216 per
810 2147 918 2200 litteras
932 2145 1055 2199 maxima
1066 2163 1100 2200 se
1110 2164 1171 2201 me·

135 2223 217 2276 lestia
231 2239 265 2277 ex
279 2223 330 2277 illa
343 2223 525 2278 contentione
539 2222 670 2278 affectum
684 2225 847 2279 estenderet
859 2231 917 2276 cett.
951 2222 1020 2274 Ibid.
1032 2221 1106 2278 Vn.
1115 2223 1170 2292 5,2

135 2298 235 2370 (amp
248 2298 375 2354 Litterae
384 2299 452 2352 mibi
461 2300 564 2354 dantur
574 2305 637 2367 ate,
649 2301 752 2371 quibus
761 2301 790 2353 in
800 2298 929 2354 extremis
940 2297 1079 2367 seriptum
1090 2308 1170 2355 erat:

134 2375 185 2426 ‘nt
198 2375 312 2443 Orfium,
324 2393 405 2445 quem
416 2375 481 2429 mihi
493 2378 686 2445 commendas,
701 2379 744 2429 rel
755 2394 850 2446 regem
860 2374 971 2429 Galliae
981 2374 1107 2443 faciani,
1123 2378 1169 2432 rel

136 2453 211 2505 hunc
221 2453 329 2522 Leptae
340 2453 455 2523 delega,
475 2453 498 2506 si
512 2454 554 2506 vis
569 2460 613 2519 ω,
632 2455 721 2508 adme
736 2454 821 2508 alium
830 2453 922 2518 mitte,
942 2468 1027 2521 quem
1042 2456 1167 2508 ornem'.

135 2531 178 2581 dd
193 2530 222 2589 Q.
237 2531 315 2596 fratr.
330 2529 365 2582 ΙΙ.
381 2531 422 2595 15,
438 2532 466 2583 1:
489 2530 525 2584 A.
546 2531 572 2582 d.
590 2530 648 2584 llll
666 2548 731 2584 non.
750 2530 813 2583 Iun.
832 2529 929 2599 accepi
949 2528 1060 2583 litteras
1083 2531 1170 2585 datas

134 2605 312 2672 Placent-iae,
331 2606 433 2659 deinde
448 2607 552 2661 alteras
567 2608 704 2676 postridie
719 2609 804 2660 datas
814 2606 998 2660 Blandenone
1016 2622 1085 2658 eum
1096 2607 1169 2662 Cae-

134 2683 205 2735 saris
219 2681 335 2747 litteris,
353 2682 466 2736 refertis
478 2683 552 2736 omni
567 2682 677 2751 officio,
698 2684 861 2753 diligentia,
881 2682 1030 2735 suavitate.
1048 2713 1089 2723 —
1109 2684 1169 2738 Lit-

133 2769 211 2812 terae
229 2775 295 2813 vcro
314 2758 374 2812 eius
393 2777 449 2812 una
470 2761 553 2813 datae
572 2777 635 2813 cum
652 2759 722 2827 tuis,
744 2775 861 2830 quarum
873 2758 983 2810 initium
998 2764 1057 2826 est,
1080 2777 1169 2829 quam

134 2835 228 2888 suavis
241 2835 267 2888 ei
277 2842 341 2888 tuus
352 2835 491 2889 adventus
502 2836 587 2891 fuerit
596 2844 625 2890 et
634 2836 795 2890 recordatio
806 2836 909 2889 veteris
919 2834 1040 2901 amoris,
1057 2834 1168 2890 deinde

134 2928 164 2965 se
174 2910 353 2977 effecturum,
371 2920 404 2965 ut
417 2929 470 2982 ego
480 2913 509 2965 in
523 2913 615 2966 medio
631 2913 730 2965 dolere
744 2929 778 2965 ae
792 2911 932 2965 desiderio
947 2909 987 2962 tui
1003 2916 1046 2976 te,
1066 2928 1137 2965 cum
1152 2930 1169 2966 a

134 3007 177 3043 me
196 2989 326 3054 abesses,
347 2990 522 3058 potissimum
543 3007 637 3042 secum
653 3006 716 3043 esse
735 2990 869 3055 laetarer,
888 2987 1100 3041 incredibiliter
1121 2990 1168 3044 dc·

135 3066 282 3118 lectarunt.
296 3095 331 3105 —
345 3066 429 3118 modo
441 3066 507 3117 milri
518 3066 583 3120 date
593 3065 779 3130 Britanniam,
799 3082 882 3134 quam
891 3064 1005 3133 pingant
1017 3065 1168 3119 coloribus

136 3142 205 3208 tuis,
229 3141 363 3209 penicillo
381 3158 452 3194 meo.
488 3142 545 3195 Sed
560 3143 627 3213 quid
646 3142 720 3211 ago?
744 3143 820 3210 quod
838 3140 906 3193 mibi
924 3147 1035 3208 tempus
1055 3140 1168 3196 Romae

133 3218 314 3285 praesertim,
329 3223 361 3269 ut
370 3216 424 3269 iste
434 3235 476 3271 ine
487 3225 582 3287 rogat,
597 3218 720 3273 manenti
731 3235 849 3272 vacuum
860 3217 1037 3272 ostenditur?
1046 3247 1084 3256 -—
1095 3218 1166 3272 Tre·

134 3293 241 3346 batiurn
255 3294 332 3363 quod
349 3293 385 3346 ad
401 3311 430 3347 se
445 3295 579 3360 miserim,
598 3296 724 3364 persalse
739 3302 768 3348 et
781 3294 940 3347 humaniter
953 3293 1038 3346 etiam
1053 3296 1167 3361 gratias

135 3369 201 3422 mihi
211 3370 279 3439 agit.
307 3378 395 3439 negat
404 3370 477 3423 enim
487 3370 515 3423 in
526 3378 607 3424 tant-a
616 3371 793 3425 multitudine
805 3388 914 3436 eorum,
931 3370 976 3438 qui
988 3386 1047 3423 una
1055 3379 1166 3433 essent,

135 3463 305 3517 quemquam
319 3447 422 3512 fnisse,
441 3446 488 3516 qui
508 3448 696 3500 vadimonium
715 3448 864 3516 concipere
883 3453 988 3515 posset.
1025 3449 1069 3499 Ad
1091 3451 1167 3503 Fam.

135 3524 200 3577 vlt.
215 3528 246 3589 8,
267 3526 295 3577 1;
319 3525 438 3593 Scripsit
455 3525 491 3576 ad
510 3541 553 3578 mc
569 3523 674 3578 Caesar
692 3524 902 3594 perhumaniter
919 3522 1046 3575 nondum
1064 3529 1095 3577 te
1111 3524 1167 3578 sibi

135 3599 204 3654 satis
219 3618 281 3654 esse
300 3600 466 3655 familiarem
481 3608 597 3670 propter
612 3603 814 3670 occupationes
828 3616 909 3667 suas,
928 3599 978 3652 sed
997 3604 1075 3652 ecrtc
1090 3600 1165 3654 fore.

134 3680 177 3729 Ad
188 3678 217 3737 Q.
227 3679 303 3745 fratr.
314 3678 350 3730 ll.
361 3678 403 3744 16,
412 3678 441 3730 5:
462 3679 689 3743 Quomodonam,
705 3678 741 3730 mi
751 3677 852 3741 frater,
872 3677 906 3730 de
916 3674 1021 3728 nostris
1032 3677 1166 3730 versibus

134 3753 259 3808 Caesar?
282 3772 346 3808 nam
365 3754 484 3823 primum
504 3755 605 3807 librum
624 3772 653 3807 se
674 3754 778 3823 legisse
797 3753 910 3823 scripsit
928 3753 964 3806 ad
983 3769 1027 3806 me
1048 3760 1118 3807 ante
1137 3762 1167 3807 et

134 3831 224 3899 prima
238 3831 278 3884 sic
292 3840 322 3883 nt
336 3839 422 3901 neget
436 3848 465 3884 se
480 3847 515 3883 ne
529 3830 640 3884 Graeca
655 3831 769 3902 quidem
783 3831 899 3884 meliora
914 3828 1032 3898 legisse,
1052 3830 1167 3901 reliqua

134 3908 171 3961 ad
181 3908 321 3977 quendam
332 3908 425 3960 lucum
435 3909 623 3980 ῥᾳθιχιιότερα.
656 3908 710 3961 bec
720 3907 793 3960 enim
803 3908 890 3959 utitur
898 3906 995 3958 verbo.
1033 3907 1100 3958 Ibid.
1113 3908 1166 3960 111.

135 3985 160 4050 1,
172 3986 216 4036 10:
234 3984 276 4038 lle
285 3984 430 4037 tribunatu
441 3985 517 4053 qiiod
527 3984 636 4052 scribis,
647 4000 700 4052 ego
711 4002 777 4037 vero
787 3982 951 4036 nominatim
961 3981 1048 4049 petivi
1054 3982 1166 4050 Curtio,

136 4068 165 4114 et
187 4061 254 4113 milri
276 4061 336 4130 ipsc
356 4061 460 4115 Caesar
481 4060 644 4113 nominatim
663 4059 758 4113 Curtio
778 4068 906 4128 paratum
930 4075 993 4112 esse
1016 4060 1168 4129 rescripsit

136 4154 280 4206 meamque
291 4138 319 4190 in
329 4139 457 4205 rogando
469 4137 664 4189 verecundiam
675 4136 843 4205 obiurgavit.
879 4138 942 4188 Itn'd.
955 4134 1031 4201 §.aa
1049 4136 1092 4188 Ex
1104 4136 1167 4190 Bri·

136 4214 234 4266 tannia
243 4213 348 4266 Caesar
359 4215 394 4268 ad
405 4232 448 4266 me
459 4213 513 4266 kal.
526 4212 602 4280 Sept.
614 4212 693 4265 dedit
706 4213 829 4275 litteras,
845 4230 915 4281 quas
925 4228 979 4281 ege
990 4212 1088 4282 accepi
1100 4232 1128 4267 a.
1138 4215 1166 4267 d,

138 4289 177 4340 ΙΙΙ
181 4290 191 4340 l
203 4290 256 4342 kal.
267 4291 391 4353 Octobr,
408 4289 647 4359 satis,cornmodas
657 4288 692 4342 dc
703 4289 873 4342 Britannicis
884 4289 982 4354 rebus3
1002 4288 1118 4357 quibus,
1130 4308 1168 4345 ne

138 4365 270 4432 admirer,
286 4367 363 4436 quod
373 4384 390 4419 a
400 4374 427 4418 te
438 4364 529 4418 nullas
540 4365 713 4434 acceperim,
729 4365 827 4418 scribit
837 4382 867 4419 se
878 4367 937 4418 sine
947 4372 975 4418 te
985 4364 1084 4433 fuisse,
1101 4384 1166 4419 eum

139 4441 175 4494 ad
190 4457 265 4494 mare
279 4442 438 4495 accesserit.
474 4442 539 4493 Iln‘d.
550 4440 660 4494 lllbet
670 4442 694 4509 6,
705 4442 734 4494 3:
754 4439 883 4495 Caesaris
898 4459 1006 4507 amore,
1026 4459 1113 4510 quern
1128 4443 1167 4496 ad

137 4534 180 4570 me
193 4517 370 4584 perscripsit.
389 4517 470 4571 unice
481 4517 622 4583 delector,
640 4517 785 4587 premissis
795 4517 844 4585 iis,
864 4535 935 4588 quae
947 4518 1086 4584 ostendit,
1105 4535 1166 4571 non
