2692 5206
412 794 530 851 canu.
549 782 613 853 vn.
633 797 749 851 n-na.
1031 784 1093 849 123

64 918 314 1009 opportunitate,
337 919 391 1004 qui
409 942 443 984 se
460 920 528 1005 ipse
545 929 582 984 ut
599 920 769 985 munitione
787 920 981 987 defenderet:
1005 922 1092 1007 equi-

64 1027 135 1081 tum
160 1036 238 1080 vcro
262 1036 391 1099 operam
416 1036 517 1097 neque
542 1014 575 1078 in
601 1014 670 1079 loco
691 1016 823 1100 palustri
844 1016 1013 1081 desiderari
1038 1016 1093 1080 de·

65 1108 176 1175 buisse
198 1117 230 1173 et
249 1107 313 1172 illie
329 1106 429 1173 fuisso
446 1108 568 1186 utilem,
596 1130 658 1191 quo
681 1109 742 1173 sint
764 1108 909 1194 profecti:
936 1133 1091 1175 summam

65 1203 192 1289 imperii
209 1224 244 1267 se
257 1202 399 1267 consulto
413 1202 489 1266 nulli
502 1201 711 1267 discedentem
726 1204 900 1282 tradidisse,
919 1226 959 1269 ne
971 1205 999 1270 is
1013 1204 1093 1269 mul-

66 1295 210 1362 titudinis
229 1296 333 1361 studio
350 1296 391 1361 ad
408 1294 618 1360 dimicandum
641 1296 864 1382 impelleretur3
887 1297 938 1363 cui
959 1299 1005 1363 rei
1021 1320 1093 1383 pro-

65 1402 140 1477 pter
154 1390 252 1455 animi
269 1390 431 1455 mollitiem
449 1390 573 1454 studere
591 1412 700 1455 omnes
718 1391 850 1469 videret,
872 1392 957 1474 quod
974 1391 1091 1456 diutius

66 1484 209 1551 laborem
225 1482 308 1549 serre
325 1506 388 1548 non
405 1494 542 1570 possent.
569 1484 705 1549 Romani
723 1485 751 1549 si
768 1507 844 1550 casu
861 1485 1091 1563 intervenerint,

66 1576 230 1653 fortunae,
258 1577 285 1642 si
307 1577 438 1642 alieuius
460 1578 575 1642 indicio
592 1579 708 1656 vocati,
735 1578 808 1643 huic
829 1577 1006 1644 habendam
1022 1602 1094 1665 gra·
1179 1644 1182 1650 ,

67 1672 156 1749 tiam,
173 1671 261 1755 quod
277 1680 309 1736 et
325 1671 514 1756 paucitatem
532 1694 639 1736 corum
658 1695 697 1736 cx
714 1672 783 1738 loco
802 1673 960 1758 superiore
978 1695 1094 1759 cogno-

69 1786 174 1842 scere,
201 1774 233 1829 et
248 1764 396 1829 virtutem
413 1765 572 1850 despicere
594 1766 764 1850 potuerint,
791 1767 845 1850 qui
866 1766 1014 1845 dimicare
1031 1789 1094 1831 non

68 1859 149 1937 ausi,
167 1858 302 1945 turpiter
318 1880 352 1924 se
365 1858 399 1923 in
411 1871 513 1924 castra
525 1860 706 1944 receperint.
733 1860 897 1945 imperium
911 1883 945 1925 se
959 1860 998 1924 ab
1013 1858 1094 1925 Cae·

69 1974 140 2019 aare
155 1974 215 2039 per
230 1952 437 2038 proditionem
455 1952 576 2017 nullum
594 1954 784 2032 desiderare,
808 1954 894 2037 quod
914 1953 1030 2019 habere
1047 1954 1094 2018 vi-

69 2045 170 2111 ctoria
191 2055 313 2131 posset,
340 2067 420 2130 quae
442 2046 505 2110 iam
528 2056 612 2111 esset
634 2046 694 2111 sibi
711 2057 805 2130 atque
827 2046 972 2112 omnibus
992 2045 1092 2113 Gallis

68 2139 248 2227 explorata:
270 2140 346 2224 quin
363 2141 457 2205 etiam
473 2140 551 2226 ipsis
569 2141 735 2219 remittere,
754 2141 782 2206 si
800 2141 859 2206 sibi
876 2141 977 2226 magis
995 2142 1093 2206 hono-

67 2257 136 2301 rem
162 2232 314 2312 tribuere,
345 2256 440 2318 quam
466 2234 507 2299 ab
533 2256 567 2299 se
595 2235 726 2299 salutem
753 2236 893 2321 accipere
920 2236 1091 2300 videantur.

69 2328 164 2394 ‘haee
186 2338 222 2391 ut
243 2327 454 2414 intellegatis,'
479 2328 594 2411 inquit,
623 2334 657 2392 ‘a
678 2351 728 2393 me
751 2329 870 2394 sincere
891 2329 1092 2415 pronuntiari,

68 2422 176 2488 audite
193 2422 355 2488 Romanos
372 2422 505 2488 milites.'
547 2422 690 2508 producit
708 2446 830 2501 servos,
849 2445 928 2507 quos
944 2424 978 2487 iu
994 2423 1094 2508 pabu-

69 2516 187 2581 latione
203 2516 313 2601 paneis
330 2526 402 2581 ante
424 2514 535 2580 diebus
558 2527 723 2602 exceperat
745 2527 776 2581 ct
798 2517 882 2581 fame
899 2517 1093 2600 vinculisque

69 2609 313 2675 excruciaverat.
356 2610 390 2673 hi
410 2610 473 2674 iam
495 2620 567 2674 ante
591 2611 706 2688 edocti,
728 2632 810 2693 quae
826 2611 1006 2696 interrogati
1022 2632 1095 2695 pro-

68 2704 263 2779 nuntiarent,
290 2702 403 2768 militcs
430 2725 465 2768 se
491 2725 562 2769 csse
587 2703 774 2788 legionarios
801 2704 920 2778 dieunt;
952 2704 1036 2767 fame
1063 2712 1094 2766 ct

68 2798 177 2883 inopia
199 2798 350 2862 adductos
372 2798 510 2863 clamen
528 2799 637 2863 castris
660 2798 777 2873 exisse,
806 2798 832 2861 si
855 2798 931 2880 quid
948 2797 1094 2861 frumenti

69 2904 125 2957 aut
141 2892 264 2978 pecoris
282 2892 315 2956 in
333 2892 416 2978 agris
433 2892 569 2977 reperire
586 2901 729 2976 possent:
754 2891 847 2955 simili
864 2912 989 2955 omnem
1006 2912 1095 2954 excr-

69 2987 168 3052 eitum
194 2987 301 3072 inopia
324 2987 439 3072 premi,
466 3008 524 3051 nec
550 2987 613 3050 iam
635 2986 717 3051 vires
745 2986 889 3049 sufficere
911 2985 1095 3069 cuiusquam

69 3103 130 3147 nee
146 3082 230 3147 ferre
248 3083 350 3166 operis
372 3080 510 3146 laborem
531 3104 639 3165 posse:
667 3082 771 3163 itaque
794 3080 940 3146 statuisse
962 3081 1095 3164 impera-

70 3188 181 3252 torem,
200 3176 229 3241 si
246 3176 322 3239 nihil
339 3176 372 3240 in
389 3176 620 3261 oppugnatione
639 3175 745 3260 oppidi
759 3174 973 3260 profecissent,
993 3173 1094 3237 triduo

70 3270 243 3335 exercitum
260 3270 422 3334 deducere.
450 3268 560 3345 ‘hace’
578 3269 687 3351 inquit,
708 3276 741 3333 ‘a
757 3268 827 3345 me,’
845 3267 1093 3353 Vercingetorix,

70 3362 240 3429 ‘malicia
264 3362 400 3441 habetis,
435 3386 529 3446 quem
555 3362 738 3447 proditionis
769 3362 969 3439 insimulatis,
1006 3361 1095 3425 ouius

70 3478 166 3543 opera
193 3457 262 3521 sine
287 3469 392 3522 vestro
418 3457 571 3542 sanguine
598 3468 719 3521 tantum
751 3455 921 3520 exereitum
947 3456 1096 3520 victorem

69 3550 155 3615 fame
172 3562 394 3636 consumptum
411 3550 538 3627 videtis3
553 3544 649 3632 ¹quem
667 3550 798 3634 tmpitcr
816 3572 850 3614 se
868 3571 908 3613 ex
925 3548 1002 3634 fuga
1018 3548 1097 3611 rcci-

72 3644 210 3729 piantem
226 3664 267 3708 ne
280 3665 342 3728 qua
355 3645 465 3710 civitas
478 3644 544 3710 suis
557 3643 672 3708 finibus
685 3644 823 3728 recipiat,
841 3666 861 3707 a
874 3664 924 3706 me
936 3642 1096 3727 provisum

73 3736 140 3801 est’
183 3736 358 3803 conclamat
375 3739 475 3804 omnis
494 3738 660 3802 multitudo
678 3748 709 3801 et
727 3759 784 3801 suo
801 3758 887 3801 more
909 3736 1003 3800 armis
1022 3757 1096 3799 eon·
1113 3756 1145 3802 21

74 3840 189 3917 erepat,
207 3832 293 3915 quod
309 3832 414 3897 faeere
431 3833 463 3895 in
481 3854 519 3896 co
538 3841 736 3908 consuerunt,
756 3831 844 3895 euius
858 3830 1029 3894 orationem
1042 3852 1097 3913 ap-

75 3924 220 4008 probant3
248 3948 407 3990 summum
425 3947 494 3991 csse
512 3924 802 4011 Vercingetorigem
824 3924 950 3999 ducem,
978 3945 1036 3987 nec
1057 3922 1096 3985 de

76 4016 140 4084 eius
156 4018 221 4084 fide
239 4018 459 4097 dubitandum,
485 4041 544 4084 nee
562 4020 677 4083 maiore
693 4020 813 4084 ratione
831 4018 948 4083 bellum
966 4016 1098 4081 admini-

78 4114 164 4178 strari
180 4136 286 4200 posse.
331 4125 485 4193 statuunt,
511 4124 546 4178 ut
563 4115 672 4178 decem
690 4114 775 4178 milia
792 4113 956 4178 hominum
977 4111 1097 4176 delecta

77 4226 115 4271 ex
128 4206 276 4273 omnibus
294 4209 392 4294 oopiis
410 4209 443 4273 in
461 4208 610 4294 oppidum
629 4207 804 4284 mittantur,
833 4230 892 4271 nee
915 4206 989 4272 solis
1007 4205 1099 4269 Bitu·

77 4301 194 4388 rigibus
211 4324 410 4369 communcm
429 4304 561 4369 salutem
579 4304 832 4368 committendam
850 4311 991 4378 censent,
1014 4300 1099 4384 quod

78 4416 173 4480 paene
189 4399 224 4464 in
240 4422 295 4479 eo,
318 4400 345 4465 si
362 4400 396 4465 id
412 4400 563 4486 oppidum
580 4400 795 4477 retinuissent,
823 4422 979 4463 summam
1000 4398 1098 4462 victo-

78 4490 138 4556 rine
154 4506 300 4559 constare
317 4494 548 4582 intellegebant.
594 4494 745 4580 singulari
766 4493 900 4559 militum
921 4501 1097 4557 nostrorum
1116 4507 1147 4554 aa

79 4584 181 4653 sirtmi
197 4589 328 4655 consilia
344 4589 581 4675 cuiusquemodi
595 4586 757 4654 Gallorum
771 4588 984 4665 occurrebant,
1003 4596 1038 4650 ut
1050 4594 1098 4650 est
