2692 5206
463 792 800 849 caularum-aa.
1079 780 1141 847 143

122 937 300 981 reversuros
318 937 420 999 neque
432 915 525 980 finem
539 916 675 981 bellandi
694 916 840 980 facturos.
877 918 1005 1002 proinde
1018 918 1142 1003 agmine

124 1008 287 1094 impeditos
314 1009 517 1074 adorirentur.
567 1010 594 1074 si
624 1011 746 1095 pedites
774 1011 839 1075 suis
866 1012 1015 1076 auxilium
1041 1013 1142 1077 serant

130 1111 214 1186 etque
231 1103 265 1168 in
283 1125 321 1168 eo
337 1116 509 1181 morentur,
532 1104 591 1168 iter
612 1104 715 1169 facere
734 1128 796 1169 non
814 1126 922 1189 posse;
946 1106 986 1183 si,
1009 1106 1042 1170 id
1059 1107 1143 1190 quod

133 1197 224 1282 magis
241 1196 381 1263 futurum
399 1198 548 1275 confidat,
570 1198 685 1262 relictis
703 1198 933 1283 impedimentis
957 1222 1032 1264 suae
1050 1200 1142 1270 saluti

139 1290 300 1367 consulant,
327 1301 360 1355 et
382 1314 441 1356 usu
462 1314 566 1356 rerum
583 1293 829 1356 necessariarum
851 1302 882 1357 et
904 1292 1054 1378 dignitate
1072 1317 1144 1380 spo-

142 1382 232 1450 liatum
247 1386 294 1450 iri.
338 1410 414 1451 nam
431 1386 470 1451 de
489 1387 645 1470 equitibus
663 1387 814 1464 hostium,
833 1388 908 1470 quin
926 1410 1018 1452 nemo
1036 1410 1143 1454 eorum

148 1481 270 1565 progredi
286 1481 382 1545 modo
399 1491 487 1546 extra
504 1504 617 1567 agmen
635 1481 762 1558 audeat,
786 1493 817 1544 et
834 1481 919 1566 ipsos
937 1482 1064 1565 quidem
1081 1506 1144 1547 non

153 1571 240 1638 debere
255 1574 407 1639 dubitare.
451 1575 484 1639 id
501 1598 565 1658 quo
582 1576 699 1641 maiore
716 1575 832 1639 faciant
849 1576 966 1652 anime,
986 1577 1092 1661 copias
1110 1599 1144 1641 se

154 1685 234 1732 omnes
248 1690 305 1754 pro
323 1669 434 1733 castris
455 1668 634 1733 habiturum
656 1679 687 1732 et
704 1669 812 1733 terrori
833 1669 976 1735 hostibus
994 1669 1144 1734 futurum.

156 1760 318 1826 conclamant
348 1762 482 1845 equites,
514 1763 711 1827 sanctissimo
741 1763 939 1827 iureiurando
970 1763 1145 1828 confirmari

157 1865 274 1935 oportere,
291 1878 332 1920 ne
347 1865 428 1921 tecto
441 1857 615 1941 recipiatur,
634 1879 674 1920 ne
686 1857 726 1920 ad
740 1856 864 1932 liberos,
883 1879 922 1921 ne
936 1857 1144 1942 adparentes,

102 1968 104 2035 g
158 1947 227 2011 read
240 1971 369 2013 uxorem
386 1950 504 2014 aditum
520 1950 649 2027 habeat,
667 1951 720 2033 qui
738 1974 801 2014 non
819 1950 867 2015 bis
885 1973 941 2035 per
958 1975 1072 2037 agmen
1089 1951 1146 2016 ho-

159 2036 225 2104 atium
248 2043 482 2127 perequitasset.
524 2043 656 2128 probata
680 2067 713 2108 re
740 2054 833 2127 atque
859 2044 1003 2110 omnibus
1029 2046 1144 2110 iureiu-
1164 2068 1194 2113 or

158 2132 227 2199 nudo
247 2137 365 2202 adactis
387 2149 511 2223 postero
535 2138 586 2202 die
607 2139 640 2202 in
661 2148 723 2202 tres
746 2149 849 2223 partes
872 2139 1037 2204 distributo
1059 2139 1146 2223 equi-

159 2233 202 2291 oo
214 2229 287 2296 dnae
305 2254 340 2297 se
360 2233 442 2297 acies
461 2233 500 2297 ab
519 2231 641 2297 duobus
663 2232 812 2298 lateribus
835 2234 1015 2312 ostendunt,
1042 2257 1106 2299 una
1126 2258 1146 2299 a

102 2382 105 2401 ,
156 2320 228 2401 ptimo
243 2326 367 2410 agmine
384 2326 442 2391 iter
458 2326 608 2412 impedire
627 2327 738 2412 eoepit.
774 2350 836 2411 qna
852 2351 886 2392 re
904 2328 1045 2393 nuntiata
1063 2327 1145 2394 Cae-

102 2408 105 2439 ¹
156 2434 299 2483 urinum
330 2441 456 2504 quoque
486 2421 656 2505 equitatum
691 2421 841 2505 tripertito
873 2422 1008 2486 divisum
1038 2432 1145 2487 contra

155 2504 248 2577 bostem
263 2514 308 2579 ire
325 2514 422 2579 iubet
448 2526 605 2601 pugnatur
618 2539 680 2579 una
692 2515 836 2579 omnibus
851 2515 882 2579 in
896 2515 1046 2600 partibus.
1071 2539 1144 2581 con·

153 2600 212 2668 tisb‘t
225 2629 351 2693 agmen3
373 2609 595 2693 impedimenta
616 2609 697 2674 intra
713 2609 852 2695 legiones
874 2609 1072 2694 recipiuntur.
1119 2611 1147 2674 si

152 2699 238 2777 qnin
252 2713 341 2787 parte
359 2704 456 2767 nostri
472 2702 612 2768 laborare
631 2713 684 2767 aut
697 2703 824 2789 gravius
837 2703 936 2786 premi
949 2702 1145 2779 videbantur,

151 2808 178 2855 oo
189 2793 272 2880 signa
287 2795 396 2860 inferri
415 2796 533 2862 Caesar
550 2797 711 2880 aciemque
734 2796 881 2860 constitui
898 2795 1039 2874 iubebat3
1065 2818 1145 2879 quac

149 2903 186 2948 roa
198 2899 226 2951 et
241 2888 348 2955 hostes
367 2891 408 2954 ad
424 2891 651 2974 insequendum
669 2889 811 2954 tardabat
829 2900 860 2952 et
876 2902 999 2954 nostros
1018 2912 1074 2974 spe
1092 2912 1146 2953 au-

146 2977 197 3045 riti
211 2983 420 3049 confirmabat.
452 2985 577 3049 tandem
596 2983 746 3050 Germani
764 2982 803 3047 ab
822 2983 931 3047 dextro
949 2983 1043 3047 latere
1062 3006 1147 3048 sum-

145 3092 213 3139 mum
229 3076 339 3163 iugum
356 3079 460 3142 nancti
477 3078 583 3143 hostes
601 3077 670 3142 loco
685 3076 858 3162 depellunt3
876 3077 1032 3162 fugientes
1046 3098 1145 3160 usque

143 3165 309 3248 adnomen,
328 3170 383 3235 ubi
396 3170 634 3258 Vercingetorix
652 3194 723 3234 eum
740 3169 937 3255 pedestribus
956 3170 1054 3255 copiis
1073 3192 1146 3235 eon-

141 3262 262 3342 radent,
283 3278 513 3351 persequuntur
534 3265 771 3351 compluresque
794 3265 988 3330 interficiunt.
1033 3288 1096 3349 qua
1111 3287 1145 3329 re

138 3357 344 3426 tnimsdversa
360 3362 483 3444 reliqui,
503 3384 542 3424 ne
561 3362 869 3437 circumvenirentur,
892 3360 982 3424 veriti
1000 3384 1034 3424 se
1051 3361 1146 3446 fugae

135 3455 283 3519 mandant.
315 3455 459 3520 omnibus
477 3456 554 3521 loeis
572 3456 607 3520 fit
625 3457 746 3520 caedes.
779 3467 841 3519 tres
859 3454 1043 3520 nobilissimi
1060 3454 1148 3520 Hae·

134 3545 181 3613 tui
204 3549 290 3634 eapti
317 3549 358 3613 ad
381 3549 549 3615 Caesarem
576 3551 799 3634 perducuntnrz
828 3548 942 3626 Cotus,
970 3549 1146 3633 praefectus

133 3641 281 3725 equitum,
310 3643 365 3726 qui
387 3644 628 3708 controversiam
651 3666 722 3707 cum
741 3642 979 3707 Convictolitavi
996 3643 1146 3728 proximis

132 3737 258 3801 comitiis
275 3736 437 3816 habuerat,
457 3749 488 3803 et
502 3737 688 3814 Cauarillus,
707 3737 760 3821 qui
777 3748 849 3821 post
867 3736 1072 3801 desectionem
1089 3736 1148 3799 Li-

132 3830 218 3895 taviei
239 3831 440 3916 pedestribus
463 3833 561 3917 copiis
583 3831 774 3917 praefuerat,
798 3841 829 3894 et
849 3830 1059 3915 Eporedorix,
1086 3852 1147 3912 quo

132 3921 204 3989 duce
221 3935 295 3991 ante
313 3926 482 3991 adventum
497 3926 642 3993 Caesaris
656 3926 784 3990 Haedui
801 3947 873 3990 cum
893 3922 1048 4009 Sequanis
1067 3923 1148 3988 bello

133 4019 358 4084 contenderant.

188 4112 315 4200 Fugato
337 4115 422 4179 omni
443 4115 583 4199 equitatu
604 4114 842 4199 Vercingetorix
864 4113 970 4198 copias
998 4135 1086 4189 suas,
1113 4122 1148 4175 ut
1166 4130 1197 4178 os

134 4224 185 4289 pto
211 4208 323 4273 eastris
354 4209 572 4287 collocaverat,
607 4209 731 4274 reduxit
761 4209 965 4294 protinusque
994 4207 1147 4284 Alesiam,

135 4300 212 4381 qnod
227 4312 277 4368 est
293 4303 445 4388 oppidum
462 4303 722 4381 Mandubiorum,
744 4304 804 4368 iter
821 4303 924 4367 secere
946 4302 1047 4387 eoepit
1068 4301 1149 4367 cele-

135 4391 261 4480 riterque
272 4396 496 4483 impedimenta
510 4421 549 4463 ex
562 4398 672 4463 eastris
686 4399 777 4462 educi
791 4408 822 4462 et
836 4420 869 4462 se
884 4396 1033 4481 subsequi
1047 4396 1146 4461 iussit.

136 4483 248 4555 Caesar
259 4492 490 4577 impedimentis
504 4493 536 4556 iu
550 4492 726 4577 proximum
740 4492 850 4556 collem
867 4491 1007 4555 deductis
1025 4490 1147 4554 duabus

136 4576 305 4669 tep‘onibus
320 4587 477 4672 praesidio
493 4587 608 4653 relictis
628 4598 762 4664 secutus,
781 4596 932 4669 quantum
948 4585 1011 4650 diei
1025 4593 1147 4669 tempus
