2692 5206
461 823 576 881 COMM.
595 827 632 882 11.
650 829 751 883 9-1‘2.
1073 817 1115 882 33

88 952 229 1020 coneilio
256 958 425 1015 convocato
452 950 676 1016 constituerunt
702 954 853 1037 optimum
875 974 958 1030 esse,
986 954 1114 1020 domum

91 1070 188 1114 suam
209 1066 365 1130 quemque
387 1045 500 1109 reverti
517 1056 561 1121 et,
589 1068 720 1128 quorum
744 1048 776 1110 iu
797 1048 874 1112 fines
896 1049 1031 1133 primum
1049 1050 1115 1115 Ro·

90 1142 181 1206 mani
199 1139 369 1205 exercitum
386 1138 643 1216 introduxissent,
665 1141 706 1204 ad
724 1163 777 1205 eos
795 1141 1007 1208 defendendos
1025 1145 1116 1209 undi-

91 1257 158 1320 que
175 1234 391 1309 convenirent,
409 1244 444 1297 ut
461 1232 563 1317 potius
581 1233 614 1296 iu
632 1235 697 1297 suis
715 1257 808 1317 quam
827 1236 858 1299 iu
875 1236 983 1302 alienis
1000 1238 1114 1304 finibus

92 1332 290 1395 decertarent
308 1337 339 1393 et
355 1328 534 1392 domesticis
548 1328 644 1412 copiis
658 1329 701 1392 rei
715 1330 933 1396 frumentariae
948 1343 1113 1398 uterentur.

93 1424 137 1489 ed
155 1445 227 1487 eam
244 1421 428 1487 sententiam
447 1443 518 1484 oum
535 1422 661 1504 reliquis
680 1425 782 1487 causis
802 1424 878 1488 hace
895 1448 1019 1509 quoque
1036 1429 1114 1493 ratio

93 1540 152 1583 eos
170 1516 308 1591 deduxit,
326 1515 411 1599 quod
423 1515 616 1579 Divitiacum
634 1526 727 1599 atque
745 1517 897 1583 Haeduos
915 1520 1028 1585 finibus
1043 1521 1116 1586 Bel-

93 1612 277 1677 lovacorum
294 1609 542 1695 adpropinquare
560 1622 779 1695 cognoverant.
807 1612 855 1676 his
873 1615 1062 1698 persuaderi,
1081 1627 1115 1679 ut
1164 1676 1166 1681 .

94 1706 214 1771 diutius
223 1715 416 1769 morarentur
424 1726 525 1787 neque
535 1705 600 1769 suis
611 1706 761 1769 auxilium
770 1707 894 1782 ferrent,
909 1732 971 1772 non
984 1718 1114 1793 poterat.

94 1824 134 1866 ea
155 1822 190 1864 re
212 1799 381 1864 constituta
403 1800 542 1863 secunda
563 1800 671 1885 vigilia
692 1824 808 1887 magno
831 1824 902 1865 eum
925 1804 1056 1888 strepitu
1078 1826 1114 1868 ao
1134 1824 1162 1870 11

95 1894 232 1958 tumultu
249 1893 358 1958 eastris
377 1894 497 1979 egressi
517 1893 603 1957 nullo
625 1906 709 1958 certo
728 1896 834 1960 ordine
857 1918 957 1979 neque
975 1898 1114 1981 imperi0,

94 2012 169 2055 eum
187 1989 248 2055 sibi
265 1989 397 2073 quisque
414 1988 549 2074 primum
567 1989 684 2053 itineris
698 1989 800 2053 locum
814 2001 932 2074 peteret
945 2000 976 2055 et
988 1993 1115 2056 domum

93 2084 258 2170 pervenire
279 2094 472 2170 properaret,
502 2083 656 2160 fecerunt,
684 2095 719 2147 ut
740 2085 910 2149 consimilis
932 2085 1026 2171 fugae
1044 2110 1116 2172 pro-

94 2181 189 2245 fectio
211 2180 376 2244 videretur.
420 2179 534 2243 haere
556 2179 661 2243 statim
683 2178 802 2243 Caesar
823 2201 879 2265 per
905 2181 1114 2266 speculatores

94 2274 223 2359 cognita
238 2273 368 2338 insidias
385 2274 516 2349 veritus,
540 2273 637 2357 quod,
661 2274 779 2356 quade
798 2297 893 2337 causa
910 2275 1113 2352 discederent,

93 2369 234 2432 nondum
251 2377 460 2453 perspexerat,
479 2368 649 2430 exereitum
667 2368 900 2451 equitatumque
918 2370 1027 2434 castris
1042 2392 1115 2434 con·

94 2462 197 2527 tinnit.
232 2462 333 2547 prima
349 2462 419 2526 luee
433 2462 615 2526 confirmata
630 2484 663 2526 re
677 2462 717 2526 ab
731 2462 976 2547 exploratoribus
991 2486 1115 2528 omnem

94 2558 284 2641 equitatum,
307 2558 361 2640 qui
382 2557 586 2621 novissimum
605 2579 718 2642 agmen
740 2568 922 2634 moraretur,
945 2560 1113 2642 praemisit.

94 2652 145 2715 his
159 2650 314 2734 Quintum
327 2650 459 2715 Pedium
473 2662 504 2714 et
516 2652 653 2714 Lucium
666 2651 912 2715 Aurunculeium
928 2651 1053 2716 Cottam
1071 2654 1115 2716 le-

93 2756 186 2832 gatos
200 2744 360 2830 praefecit.
388 2744 496 2808 Titum
509 2744 686 2809 Labienum
700 2746 837 2829 legatum
853 2768 924 2809 eum
939 2746 1114 2829 legionibus

93 2838 195 2903 tribus
214 2837 363 2921 subsequi
380 2838 479 2902 iussit.
507 2838 539 2901 hi
558 2840 745 2903 novissimos
764 2839 861 2902 atlorti
876 2849 906 2902 et
920 2840 1017 2903 multu
1031 2840 1116 2903 milia

93 2954 248 3019 passuum
270 2932 424 3017 prosecuti
448 2956 595 3018 maguam
617 2933 846 2996 multitudinem
868 2955 975 2996 eorum
993 2933 1116 3017 fugien-

94 3027 174 3090 tium
191 3025 401 3102 eonciderunt,
421 3047 492 3090 cum
510 3026 550 3090 ab
569 3037 708 3090 extremo
726 3026 864 3110 agmine,
884 3025 924 3089 ad
942 3048 1020 3108 quos
1039 3049 1115 3088 ven-

94 3132 162 3184 tum
180 3130 256 3196 erat,
276 3121 478 3184 consisterent
491 3120 670 3203 fortiterque
684 3121 833 3205 impetum
847 3130 1021 3183 nostrorum
1036 3121 1115 3184 mili-

95 3230 161 3279 turn
174 3214 373 3290 sustinerent,
391 3215 519 3298 priores,
538 3215 622 3297 quod
635 3214 746 3278 abesse
760 3238 779 3277 a
790 3214 928 3298 periculo
938 3214 1116 3279 siderentur

94 3330 199 3393 neque
225 3307 291 3371 ulla
312 3308 496 3373 necessitate
518 3330 619 3391 neque
641 3308 770 3392 imperio
793 3309 1033 3385 continerentur,
1062 3332 1115 3372 ex-

94 3404 205 3469 audito
225 3403 360 3467 elamore
380 3403 567 3488 perturbatis
589 3403 749 3467 ordinibus
772 3425 880 3467 omues
902 3402 935 3466 iu
956 3403 1033 3490 fuga
1055 3404 1114 3468 sibi

94 3495 287 3583 praesidinm
303 3512 461 3581 ponerent.
489 3498 534 3561 ita
551 3497 617 3561 siue
636 3496 699 3560 ullo
716 3497 853 3581 periculo
872 3505 989 3560 tantam
1008 3520 1114 3561 eorum

26 3620 29 3625 ·
95 3590 326 3655 multitudinem
344 3591 440 3655 nostri
457 3590 691 3666 iuterfecerunt,
718 3602 869 3673 quantum
887 3591 945 3654 fuit
964 3591 1025 3655 diei
1044 3614 1115 3675 spa-

96 3688 189 3763 tium,
217 3684 277 3751 sub
298 3707 505 3769 occasumque
528 3685 603 3749 solis
626 3684 808 3749 destiterunt
832 3706 928 3768 seque
950 3686 981 3748 iu
1004 3696 1113 3760 castra,

95 3792 130 3845 nt
146 3790 216 3845 erat
231 3779 426 3865 imperatum,
444 3791 636 3864 receperunt.

157 3874 317 3940 Postridie
334 3874 401 3939 eius
419 3874 480 3939 diei
495 3872 622 3951 Caesar,
640 3875 821 3959 priusquam
836 3897 869 3938 se
883 3875 988 3939 hostes
1002 3897 1041 3937 ex
1056 3883 1115 3937 ter·
1135 3892 1165 3939 12

96 3992 165 4035 rore
182 3990 221 4035 ao
238 3969 316 4056 fuga
331 3969 512 4054 reciperent,
531 3969 564 4032 in
580 3969 658 4032 fines
679 3966 893 4045 Suessionum,
912 3969 965 4051 qui
983 3968 1116 4053 proximi

95 4064 206 4130 Remis
223 4075 324 4141 erant,
343 4065 513 4129 exercitum
531 4063 619 4127 duxit
636 4072 667 4127 ct
684 4086 799 4148 magno
816 4063 923 4127 itinere
943 4061 1113 4148 [confecto]

96 4160 138 4224 ad
154 4160 305 4245 oppidum
322 4158 544 4223 Noviodunum
566 4158 732 4223 contendit.
777 4157 809 4220 id
831 4179 870 4219 ex
891 4157 999 4221 itinere
1018 4180 1116 4243 oppu-

97 4276 194 4341 gnare
204 4264 342 4330 eonatus,
357 4254 442 4337 quod
454 4276 587 4317 vacuum
600 4252 640 4317 ab
651 4251 866 4317 defensoribus
882 4274 951 4316 esse
961 4252 1114 4328 audiebat,

97 4359 224 4433 propter
240 4348 435 4412 latitudinem
452 4347 557 4412 fossae
575 4347 716 4429 murique
734 4345 926 4409 altitudinem
940 4347 1048 4431 paucis
1062 4348 1116 4410 de-

98 4441 298 4507 fendentibus
317 4464 497 4529 expugnare
514 4464 578 4505 non
595 4441 704 4526 potnit.
741 4440 850 4504 eastris
868 4441 995 4504 munitis
1009 4441 1115 4504 vineas

99 4559 191 4623 agere
218 4558 361 4621 quaeque
386 4536 427 4602 ad
452 4535 695 4621 oppugnandum
727 4533 799 4596 usui
825 4544 911 4597 eraut
937 4556 1115 4619 comparare

99 4632 210 4717 coepit.
255 4631 378 4696 interim
396 4631 497 4711 omnis
519 4652 559 4694 ex
580 4629 658 4715 fuga
675 4626 882 4693 Suessionum
900 4627 1066 4692 multitudo
1083 4630 1113 4691 iu

142 4730 211 4775 lelius
221 4731 313 4775 camr.
931 4726 949 4778 3
