<?xml version="1.0" encoding="UTF-8"?>
<!DOCTYPE html PUBLIC "-//W3C//DTD XHTML 1.0 Transitional//EN"
    "http://www.w3.org/TR/xhtml1/DTD/xhtml1-transitional.dtd">
<html xmlns="http://www.w3.org/1999/xhtml" xml:lang="en" lang="en">
 <head>
  <title>
</title>
<meta http-equiv="Content-Type" content="text/html;charset=utf-8" />
  <meta name='ocr-system' content='tesseract 3.04.00' />
  <meta name='ocr-capabilities' content='ocr_page ocr_carea ocr_par ocr_line ocrx_word'/>
</head>
<body>
  <div class='ocr_page' id='page_1' title='image "./ciuliicaesarisc03krangoog_0034.png"; bbox 0 0 2738 5272; ppageno 0'>
   <div class='ocr_carea' id='block_1_1' title="bbox 162 779 788 829">
    <p class='ocr_par' dir='ltr' id='par_1_1' title="bbox 162 779 788 829">
     <span class='ocr_line' id='line_1_1' title="bbox 162 779 788 829; baseline -0.014 -1"><span class='ocrx_word' id='word_1_1' title='bbox 162 782 253 829; x_wconf 75' lang='lat' dir='ltr'><strong>xxvi</strong></span> <span class='ocrx_word' id='word_1_2' title='bbox 628 779 788 821; x_wconf 73' lang='lat' dir='ltr'>emeseno</span> 
     </span>
    </p>
   </div>
   <div class='ocr_carea' id='block_1_2' title="bbox 95 888 1255 4352">
    <p class='ocr_par' dir='ltr' id='par_1_2' title="bbox 159 888 1255 1031">
     <span class='ocr_line' id='line_1_2' title="bbox 159 888 1255 962; baseline -0.005 -12"><span class='ocrx_word' id='word_1_3' title='bbox 159 897 201 950; x_wconf 86' lang='lat' dir='ltr'>ita</span> <span class='ocrx_word' id='word_1_4' title='bbox 232 901 340 949; x_wconf 89' lang='lat' dir='ltr'>tantum</span> <span class='ocrx_word' id='word_1_5' title='bbox 368 891 484 948; x_wconf 75' lang='lat' dir='ltr'><strong>Caesari</strong></span> <span class='ocrx_word' id='word_1_6' title='bbox 514 891 622 962; x_wconf 80' lang='lat' dir='ltr'><strong>profuit</strong></span> <span class='ocrx_word' id='word_1_7' title='bbox 650 897 700 945; x_wconf 86' lang='lat' dir='ltr'>aut</span> <span class='ocrx_word' id='word_1_8' title='bbox 716 896 832 944; x_wconf 86' lang='lat' dir='ltr'>matrum</span> <span class='ocrx_word' id='word_1_9' title='bbox 849 888 1108 944; x_wconf 68' lang='lat' dir='ltr'><strong>machinationibus</strong></span> <span class='ocrx_word' id='word_1_10' title='bbox 1122 891 1153 944; x_wconf 89' lang='lat' dir='ltr'><strong>in</strong></span> <span class='ocrx_word' id='word_1_11' title='bbox 1167 891 1255 960; x_wconf 91' lang='lat' dir='ltr'>primo</span> 
     </span>
     <span class='ocr_line' id='line_1_3' title="bbox 163 957 1254 1031; baseline -0.006 -12"><span class='ocrx_word' id='word_1_12' title='bbox 163 963 276 1019; x_wconf 91' lang='lat' dir='ltr'>omnino</span> <span class='ocrx_word' id='word_1_13' title='bbox 287 961 407 1031; x_wconf 78' lang='lat' dir='ltr'>cogitari</span> <span class='ocrx_word' id='word_1_14' title='bbox 417 968 523 1030; x_wconf 87' lang='lat' dir='ltr'>potest,</span> <span class='ocrx_word' id='word_1_15' title='bbox 539 961 562 1013; x_wconf 89' lang='lat' dir='ltr'>si</span> <span class='ocrx_word' id='word_1_16' title='bbox 572 961 598 1014; x_wconf 88' lang='lat' dir='ltr'>ei</span> <span class='ocrx_word' id='word_1_17' title='bbox 608 975 698 1028; x_wconf 87' lang='lat' dir='ltr'>usque</span> <span class='ocrx_word' id='word_1_18' title='bbox 716 957 916 1013; x_wconf 88' lang='lat' dir='ltr'>commentario</span> <span class='ocrx_word' id='word_1_19' title='bbox 927 957 1021 1023; x_wconf 88' lang='lat' dir='ltr'>tradit,</span> <span class='ocrx_word' id='word_1_20' title='bbox 1033 974 1067 1013; x_wconf 87' lang='lat' dir='ltr'>ea</span> <span class='ocrx_word' id='word_1_21' title='bbox 1077 958 1120 1014; x_wconf 91' lang='lat' dir='ltr'>ita</span> <span class='ocrx_word' id='word_1_22' title='bbox 1129 959 1254 1014; x_wconf 70' lang='lat' dir='ltr'>veritam</span> 
     </span>
    </p>

    <p class='ocr_par' dir='ltr' id='par_1_3' title="bbox 133 1025 1252 1353">
     <span class='ocr_line' id='line_1_4' title="bbox 133 1025 1252 1098; baseline -0.004 -12"><span class='ocrx_word' id='word_1_23' title='bbox 133 1058 139 1080; x_wconf 83' lang='grc' dir='ltr'>ι</span> <span class='ocrx_word' id='word_1_24' title='bbox 160 1032 196 1086; x_wconf 92' lang='lat' dir='ltr'>ad</span> <span class='ocrx_word' id='word_1_25' title='bbox 214 1031 318 1085; x_wconf 83' lang='lat' dir='ltr'>exitum</span> <span class='ocrx_word' id='word_1_26' title='bbox 337 1047 363 1083; x_wconf 91' lang='lat' dir='ltr'>a.</span> <span class='ocrx_word' id='word_1_27' title='bbox 377 1030 419 1084; x_wconf 77' lang='lat'>49.</span> <span class='ocrx_word' id='word_1_28' title='bbox 438 1028 584 1098; x_wconf 87' lang='lat' dir='ltr'>imperium</span> <span class='ocrx_word' id='word_1_29' title='bbox 601 1032 698 1082; x_wconf 84' lang='lat' dir='ltr'>tenere</span> <span class='ocrx_word' id='word_1_30' title='bbox 716 1026 837 1097; x_wconf 90' lang='lat' dir='ltr'>spccicm</span> <span class='ocrx_word' id='word_1_31' title='bbox 856 1042 924 1095; x_wconf 86' lang='lat' dir='ltr'>prae</span> <span class='ocrx_word' id='word_1_32' title='bbox 938 1041 968 1080; x_wconf 86' lang='lat' dir='ltr'>se</span> <span class='ocrx_word' id='word_1_33' title='bbox 984 1025 1096 1094; x_wconf 85' lang='lat' dir='ltr'>ferunt,</span> <span class='ocrx_word' id='word_1_34' title='bbox 1114 1032 1160 1095; x_wconf 92' lang='lat' dir='ltr'>ut,</span> <span class='ocrx_word' id='word_1_35' title='bbox 1179 1028 1252 1098; x_wconf 86' lang='lat' dir='ltr'>quod</span> 
     </span>
     <span class='ocr_line' id='line_1_5' title="bbox 160 1094 1251 1164; baseline -0.005 -11"><span class='ocrx_word' id='word_1_36' title='bbox 160 1099 248 1153; x_wconf 91' lang='lat' dir='ltr'>licuit.</span> <span class='ocrx_word' id='word_1_37' title='bbox 274 1099 322 1152; x_wconf 88' lang='lat' dir='ltr'><strong>Sic</strong></span> <span class='ocrx_word' id='word_1_38' title='bbox 330 1097 417 1164; x_wconf 91' lang='lat' dir='ltr'>enim,</span> <span class='ocrx_word' id='word_1_39' title='bbox 432 1113 495 1150; x_wconf 90' lang='lat' dir='ltr'>cum</span> <span class='ocrx_word' id='word_1_40' title='bbox 505 1095 619 1149; x_wconf 89' lang='lat' dir='ltr'>comitia</span> <span class='ocrx_word' id='word_1_41' title='bbox 632 1112 697 1148; x_wconf 90' lang='lat' dir='ltr'>con·</span> <span class='ocrx_word' id='word_1_42' title='bbox 715 1094 837 1163; x_wconf 87' lang='lat' dir='ltr'>probare</span> <span class='ocrx_word' id='word_1_43' title='bbox 847 1095 919 1161; x_wconf 76' lang='lat' dir='ltr'>uult,</span> <span class='ocrx_word' id='word_1_44' title='bbox 938 1100 1066 1148; x_wconf 87' lang='lat' dir='ltr'>coactum</span> <span class='ocrx_word' id='word_1_45' title='bbox 1081 1110 1114 1148; x_wconf 91' lang='lat' dir='ltr'>se</span> <span class='ocrx_word' id='word_1_46' title='bbox 1124 1102 1153 1148; x_wconf 89' lang='lat' dir='ltr'>et</span> <span class='ocrx_word' id='word_1_47' title='bbox 1167 1095 1251 1150; x_wconf 83' lang='lat' dir='ltr'>lacer·</span> 
     </span>
     <span class='ocr_line' id='line_1_6' title="bbox 161 1161 1251 1231; baseline -0.005 -10"><span class='ocrx_word' id='word_1_48' title='bbox 161 1167 266 1221; x_wconf 86' lang='lat' dir='ltr'>sularia</span> <span class='ocrx_word' id='word_1_49' title='bbox 285 1182 380 1220; x_wconf 88' lang='lat' dir='ltr'>mense</span> <span class='ocrx_word' id='word_1_50' title='bbox 398 1165 471 1219; x_wconf 90' lang='lat' dir='ltr'>lulio</span> <span class='ocrx_word' id='word_1_51' title='bbox 490 1166 550 1219; x_wconf 90' lang='lat' dir='ltr'>eins</span> <span class='ocrx_word' id='word_1_52' title='bbox 569 1163 635 1218; x_wconf 88' lang='lat' dir='ltr'>anni</span> <span class='ocrx_word' id='word_1_53' title='bbox 650 1164 697 1217; x_wconf 90' lang='lat' dir='ltr'>ha·</span> <span class='ocrx_word' id='word_1_54' title='bbox 715 1161 798 1215; x_wconf 88' lang='lat' dir='ltr'>situm</span> <span class='ocrx_word' id='word_1_55' title='bbox 807 1177 885 1216; x_wconf 91' lang='lat' dir='ltr'>arma</span> <span class='ocrx_word' id='word_1_56' title='bbox 893 1161 1016 1231; x_wconf 85' lang='lat' dir='ltr'>cepisse,</span> <span class='ocrx_word' id='word_1_57' title='bbox 1030 1162 1118 1216; x_wconf 88' lang='lat' dir='ltr'>nullis</span> <span class='ocrx_word' id='word_1_58' title='bbox 1127 1161 1251 1216; x_wconf 71' lang='lat' dir='ltr'>artificis</span> 
     </span>
     <span class='ocr_line' id='line_1_7' title="bbox 160 1229 1248 1353; baseline -0.005 -63"><span class='ocrx_word' id='word_1_59' title='bbox 160 1236 307 1302; x_wconf 89' lang='lat' dir='ltr'>bereutur,</span> <span class='ocrx_word' id='word_1_60' title='bbox 334 1239 446 1303; x_wconf 87' lang='lat' dir='ltr'>potarat</span> <span class='ocrx_word' id='word_1_61' title='bbox 471 1232 620 1312; x_wconf 78' lang='lat' dir='ltr'>privilegio</span> <span class='ocrx_word' id='word_1_62' title='bbox 645 1232 696 1300; x_wconf 92' lang='lat' dir='ltr'>uti,</span> <span class='ocrx_word' id='word_1_63' title='bbox 715 1229 1176 1300; x_wconf 86' lang='lat' dir='ltr'>consecutusessescriptorisque</span> <span class='ocrx_word' id='word_1_64' title='bbox 1189 1248 1248 1353; x_wconf 60' lang='lat' dir='ltr'>gar·</span> 
     </span>
    </p>

    <p class='ocr_par' dir='ltr' id='par_1_4' title="bbox 160 1297 1248 1449">
     <span class='ocr_line' id='line_1_8' title="bbox 162 1297 1248 1369; baseline -0.003 -13"><span class='ocrx_word' id='word_1_65' title='bbox 162 1304 205 1357; x_wconf 88' lang='lat' dir='ltr'>sin</span> <span class='ocrx_word' id='word_1_66' title='bbox 231 1302 297 1356; x_wconf 91' lang='lat' dir='ltr'>inde</span> <span class='ocrx_word' id='word_1_67' title='bbox 320 1318 338 1355; x_wconf 90' lang='lat' dir='ltr'>a</span> <span class='ocrx_word' id='word_1_68' title='bbox 360 1301 426 1355; x_wconf 86' lang='lat' dir='ltr'>Kal.</span> <span class='ocrx_word' id='word_1_69' title='bbox 444 1300 554 1354; x_wconf 83' lang='lat' dir='ltr'>Martiis</span> <span class='ocrx_word' id='word_1_70' title='bbox 580 1300 696 1369; x_wconf 81' lang='lat' dir='ltr'>imperio</span> <span class='ocrx_word' id='word_1_71' title='bbox 715 1297 970 1367; x_wconf 84' lang='lat' dir='ltr'>tescumdignitate</span> <span class='ocrx_word' id='word_1_72' title='bbox 980 1297 1150 1352; x_wconf 86' lang='lat' dir='ltr'>sustinuisse</span> <span class='ocrx_word' id='word_1_73' title='bbox 1160 1299 1188 1351; x_wconf 87' lang='lat' dir='ltr'><strong>vi</strong></span> <span class='ocrx_word' id='word_1_74' title='bbox 1208 1315 1248 1353; x_wconf 81' lang='lat' dir='ltr'>ea·</span> 
     </span>
     <span class='ocr_line' id='line_1_9' title="bbox 160 1365 1246 1449; baseline -0.005 -25"><span class='ocrx_word' id='word_1_75' title='bbox 160 1371 263 1439; x_wconf 88' lang='lat' dir='ltr'>carnit,</span> <span class='ocrx_word' id='word_1_76' title='bbox 282 1369 449 1449; x_wconf 85' lang='lat' dir='ltr'>nonpotuit.</span> <span class='ocrx_word' id='word_1_77' title='bbox 481 1369 698 1437; x_wconf 78' lang='lat' dir='ltr'>supervacanea</span> <span class='ocrx_word' id='word_1_78' title='bbox 715 1372 767 1420; x_wconf 91' lang='lat' dir='ltr'>tur.</span> <span class='ocrx_word' id='word_1_79' title='bbox 793 1365 915 1445; x_wconf 28' lang='lat' dir='ltr'>Aeneadit·</span> <span class='ocrx_word' id='word_1_80' title='bbox 931 1365 1064 1432; x_wconf 87' lang='lat' dir='ltr'>alterum,</span> <span class='ocrx_word' id='word_1_81' title='bbox 1085 1366 1164 1435; x_wconf 86' lang='lat' dir='ltr'>quod</span> <span class='ocrx_word' id='word_1_82' title='bbox 1179 1383 1246 1421; x_wconf 90' lang='lat' dir='ltr'>com·</span> 
     </span>
    </p>

    <p class='ocr_par' dir='ltr' id='par_1_5' title="bbox 158 1432 1247 1924">
     <span class='ocr_line' id='line_1_10' title="bbox 159 1432 1247 1502; baseline -0.006 -10"><span class='ocrx_word' id='word_1_83' title='bbox 159 1440 168 1492; x_wconf 92' lang='lat' dir='ltr'><strong>i</strong></span> <span class='ocrx_word' id='word_1_84' title='bbox 191 1439 246 1492; x_wconf 92' lang='lat' dir='ltr'>itur</span> <span class='ocrx_word' id='word_1_85' title='bbox 260 1439 304 1492; x_wconf 86' lang='lat' dir='ltr'>lex</span> <span class='ocrx_word' id='word_1_86' title='bbox 319 1437 420 1491; x_wconf 83' lang='lat' dir='ltr'>fuisset</span> <span class='ocrx_word' id='word_1_87' title='bbox 437 1442 467 1491; x_wconf 88' lang='lat' dir='ltr'>et</span> <span class='ocrx_word' id='word_1_88' title='bbox 484 1437 529 1490; x_wconf 90' lang='lat' dir='ltr'>ine</span> <span class='ocrx_word' id='word_1_89' title='bbox 551 1443 578 1490; x_wconf 90' lang='lat' dir='ltr'>te</span> <span class='ocrx_word' id='word_1_90' title='bbox 593 1435 697 1489; x_wconf 87' lang='lat' dir='ltr'>Caesar</span> <span class='ocrx_word' id='word_1_91' title='bbox 714 1433 858 1488; x_wconf 81' lang='lat' dir='ltr'>montarils</span> <span class='ocrx_word' id='word_1_92' title='bbox 873 1451 931 1486; x_wconf 81' lang='lat' dir='ltr'>sure</span> <span class='ocrx_word' id='word_1_93' title='bbox 944 1432 1073 1502; x_wconf 87' lang='lat' dir='ltr'>patelieri</span> <span class='ocrx_word' id='word_1_94' title='bbox 1087 1433 1191 1488; x_wconf 79' lang='lat' dir='ltr'>voluit:</span> <span class='ocrx_word' id='word_1_95' title='bbox 1212 1439 1247 1488; x_wconf 80' lang='lat' dir='ltr'>et</span> 
     </span>
     <span class='ocr_line' id='line_1_11' title="bbox 160 1457 1246 1575; baseline -0.006 -14"><span class='ocrx_word' id='word_1_96' title='bbox 160 1457 299 1561; x_wconf 60' lang='lat' dir='ltr'>dgsaluisset</span> <span class='ocrx_word' id='word_1_97' title='bbox 312 1506 403 1575; x_wconf 87' lang='lat' dir='ltr'>‘quod</span> <span class='ocrx_word' id='word_1_98' title='bbox 417 1505 514 1575; x_wconf 90' lang='lat' dir='ltr'>populi</span> <span class='ocrx_word' id='word_1_99' title='bbox 546 1503 639 1558; x_wconf 92' lang='lat' dir='ltr'>omani</span> <span class='ocrx_word' id='word_1_100' title='bbox 649 1504 695 1557; x_wconf 91' lang='lat' dir='ltr'>be·</span> <span class='ocrx_word' id='word_1_101' title='bbox 714 1501 769 1555; x_wconf 91' lang='lat' dir='ltr'>iam</span> <span class='ocrx_word' id='word_1_102' title='bbox 779 1501 888 1555; x_wconf 86' lang='lat' dir='ltr'>cumad</span> <span class='ocrx_word' id='word_1_103' title='bbox 898 1517 976 1554; x_wconf 88' lang='lat' dir='ltr'>arma</span> <span class='ocrx_word' id='word_1_104' title='bbox 988 1501 1154 1570; x_wconf 86' lang='lat' dir='ltr'>itumesset,</span> <span class='ocrx_word' id='word_1_105' title='bbox 1172 1501 1246 1572; x_wconf 83' lang='lat' dir='ltr'>pacis</span> 
     </span>
     <span class='ocr_line' id='line_1_12' title="bbox 159 1568 1247 1641; baseline -0.003 -14"><span class='ocrx_word' id='word_1_106' title='bbox 159 1573 289 1629; x_wconf 86' lang='lat' dir='ltr'>aeficium</span> <span class='ocrx_word' id='word_1_107' title='bbox 303 1573 357 1627; x_wconf 87' lang='lat' dir='ltr'>sibi</span> <span class='ocrx_word' id='word_1_108' title='bbox 376 1590 426 1641; x_wconf 86' lang='lat' dir='ltr'>per</span> <span class='ocrx_word' id='word_1_109' title='bbox 440 1572 637 1626; x_wconf 90' lang='lat' dir='ltr'>contumeliam</span> <span class='ocrx_word' id='word_1_110' title='bbox 651 1588 695 1625; x_wconf 83' lang='lat' dir='ltr'>cx·</span> <span class='ocrx_word' id='word_1_111' title='bbox 714 1587 745 1623; x_wconf 90' lang='lat' dir='ltr'>se</span> <span class='ocrx_word' id='word_1_112' title='bbox 756 1586 866 1639; x_wconf 77' lang='lat' dir='ltr'>semper</span> <span class='ocrx_word' id='word_1_113' title='bbox 876 1568 1033 1622; x_wconf 87' lang='lat' dir='ltr'>studiosum</span> <span class='ocrx_word' id='word_1_114' title='bbox 1043 1568 1147 1636; x_wconf 74' lang='lat' dir='ltr'>fuisse,</span> <span class='ocrx_word' id='word_1_115' title='bbox 1165 1570 1247 1640; x_wconf 84' lang='lat' dir='ltr'>idque</span> 
     </span>
     <span class='ocr_line' id='line_1_13' title="bbox 158 1637 1245 1717; baseline -0.003 -22"><span class='ocrx_word' id='word_1_116' title='bbox 158 1648 338 1714; x_wconf 80' lang='lat' dir='ltr'>torqueretur</span> <span class='ocrx_word' id='word_1_117' title='bbox 355 1658 401 1695; x_wconf 90' lang='lat' dir='ltr'>erc</span> <span class='ocrx_word' id='word_1_118' title='bbox 423 1646 510 1710; x_wconf 90' lang='lat' dir='ltr'>toque</span> <span class='ocrx_word' id='word_1_119' title='bbox 531 1641 698 1693; x_wconf 72' lang='lat' dir='ltr'>semenstri</span> <span class='ocrx_word' id='word_1_120' title='bbox 714 1643 771 1691; x_wconf 87' lang='lat' dir='ltr'>tam</span> <span class='ocrx_word' id='word_1_121' title='bbox 793 1653 879 1706; x_wconf 88' lang='lat' dir='ltr'>saepe</span> <span class='ocrx_word' id='word_1_122' title='bbox 900 1637 1072 1717; x_wconf 68' lang='lat' dir='ltr'>inculcatum,</span> <span class='ocrx_word' id='word_1_123' title='bbox 1097 1642 1142 1717; x_wconf 29' lang='lat' dir='ltr'>‘nt</span> <span class='ocrx_word' id='word_1_124' title='bbox 1164 1654 1245 1708; x_wconf 87' lang='lat' dir='ltr'>qnan-</span> 
     </span>
     <span class='ocr_line' id='line_1_14' title="bbox 158 1659 1245 1781; baseline -0.002 -19"><span class='ocrx_word' id='word_1_125' title='bbox 158 1713 290 1781; x_wconf 82' lang='lat' dir='ltr'>imperio</span> <span class='ocrx_word' id='word_1_126' title='bbox 315 1709 345 1762; x_wconf 93' lang='lat' dir='ltr'><strong>in</strong></span> <span class='ocrx_word' id='word_1_127' title='bbox 371 1659 470 1762; x_wconf 55' lang='lat' dir='ltr'>urssem</span> <span class='ocrx_word' id='word_1_128' title='bbox 491 1707 695 1762; x_wconf 67' lang='lat' dir='ltr'>reueheretur)</span> <span class='ocrx_word' id='word_1_129' title='bbox 713 1711 810 1776; x_wconf 84' lang='lat' dir='ltr'>tepere</span> <span class='ocrx_word' id='word_1_130' title='bbox 834 1705 956 1758; x_wconf 81' lang='lat' dir='ltr'>voluerit</span> <span class='ocrx_word' id='word_1_131' title='bbox 978 1704 1007 1757; x_wconf 81' lang='lat' dir='ltr'>td</span> <span class='ocrx_word' id='word_1_132' title='bbox 1029 1705 1163 1759; x_wconf 79' lang='lat' dir='ltr'>omnibus</span> <span class='ocrx_word' id='word_1_133' title='bbox 1185 1723 1245 1760; x_wconf 92' lang='lat' dir='ltr'>cou-</span> 
     </span>
     <span class='ocr_line' id='line_1_15' title="bbox 159 1771 1246 1853; baseline -0.007 -20"><span class='ocrx_word' id='word_1_134' title='bbox 159 1778 231 1834; x_wconf 88' lang='lat' dir='ltr'>Nam</span> <span class='ocrx_word' id='word_1_135' title='bbox 250 1778 325 1850; x_wconf 88' lang='lat' dir='ltr'>quod</span> <span class='ocrx_word' id='word_1_136' title='bbox 338 1776 434 1830; x_wconf 88' lang='lat' dir='ltr'>Hofm.</span> <span class='ocrx_word' id='word_1_137' title='bbox 445 1776 527 1844; x_wconf 93' lang='lat' dir='ltr'>dicit,</span> <span class='ocrx_word' id='word_1_138' title='bbox 546 1777 695 1830; x_wconf 87' lang='lat' dir='ltr'>Caesarem</span> <span class='ocrx_word' id='word_1_139' title='bbox 713 1780 788 1827; x_wconf 88' lang='lat' dir='ltr'>stare</span> <span class='ocrx_word' id='word_1_140' title='bbox 814 1779 951 1853; x_wconf 85' lang='lat' dir='ltr'>appareat</span> <span class='ocrx_word' id='word_1_141' title='bbox 960 1777 993 1826; x_wconf 60' lang='grc' dir='ltr'>Μ.</span> <span class='ocrx_word' id='word_1_142' title='bbox 1049 1771 1089 1827; x_wconf 92' lang='lat' dir='ltr'>Ut</span> <span class='ocrx_word' id='word_1_143' title='bbox 1114 1771 1202 1827; x_wconf 84' lang='lat' dir='ltr'>fuerit</span> <span class='ocrx_word' id='word_1_144' title='bbox 1224 1772 1246 1826; x_wconf 82' lang='lat' dir='ltr'>is</span> 
     </span>
     <span class='ocr_line' id='line_1_16' title="bbox 158 1839 1247 1924; baseline -0.005 -25"><span class='ocrx_word' id='word_1_145' title='bbox 158 1846 292 1924; x_wconf 77' lang='lat' dir='ltr'>voluisse,</span> <span class='ocrx_word' id='word_1_146' title='bbox 303 1851 332 1900; x_wconf 90' lang='lat' dir='ltr'>et</span> <span class='ocrx_word' id='word_1_147' title='bbox 341 1844 433 1898; x_wconf 90' lang='lat' dir='ltr'>Peter.</span> <span class='ocrx_word' id='word_1_148' title='bbox 443 1844 496 1910; x_wconf 80' lang='lat' dir='ltr'>tl,</span> <span class='ocrx_word' id='word_1_149' title='bbox 512 1843 536 1896; x_wconf 90' lang='lat' dir='ltr'>si</span> <span class='ocrx_word' id='word_1_150' title='bbox 546 1842 694 1913; x_wconf 77' lang='lat' dir='ltr'>privilegio</span> <span class='ocrx_word' id='word_1_151' title='bbox 712 1841 821 1895; x_wconf 90' lang='lat' dir='ltr'>animus</span> <span class='ocrx_word' id='word_1_152' title='bbox 835 1858 864 1894; x_wconf 90' lang='lat' dir='ltr'>m</span> <span class='ocrx_word' id='word_1_153' title='bbox 879 1839 1014 1907; x_wconf 77' lang='lat' dir='ltr'>Caesare,</span> <span class='ocrx_word' id='word_1_154' title='bbox 1037 1839 1118 1893; x_wconf 87' lang='lat' dir='ltr'>cuius</span> <span class='ocrx_word' id='word_1_155' title='bbox 1137 1840 1247 1911; x_wconf 80' lang='lat' dir='ltr'>ingenio</span> 
     </span>
    </p>

    <p class='ocr_par' dir='ltr' id='par_1_6' title="bbox 157 1909 1249 2384">
     <span class='ocr_line' id='line_1_17' title="bbox 159 1909 1248 1988; baseline -0.004 -21"><span class='ocrx_word' id='word_1_156' title='bbox 159 1915 200 1967; x_wconf 89' lang='lat' dir='ltr'>uti</span> <span class='ocrx_word' id='word_1_157' title='bbox 213 1915 362 1978; x_wconf 79' lang='lat' dir='ltr'>voluisset,</span> <span class='ocrx_word' id='word_1_158' title='bbox 381 1912 507 1979; x_wconf 87' lang='lat' dir='ltr'>potuisse</span> <span class='ocrx_word' id='word_1_159' title='bbox 518 1912 694 1964; x_wconf 88' lang='lat' dir='ltr'>consulatum</span> <span class='ocrx_word' id='word_1_160' title='bbox 712 1909 748 1962; x_wconf 91' lang='lat' dir='ltr'>ad</span> <span class='ocrx_word' id='word_1_161' title='bbox 755 1909 1248 1988; x_wconf 82' lang='lat' dir='ltr'>eaquaemoliebaturconsequends</span> 
     </span>
     <span class='ocr_line' id='line_1_18' title="bbox 158 1975 1248 2050; baseline -0.004 -16"><span class='ocrx_word' id='word_1_162' title='bbox 158 1981 224 2034; x_wconf 90' lang='lat' dir='ltr'>anui</span> <span class='ocrx_word' id='word_1_163' title='bbox 233 1982 267 2034; x_wconf 77' lang='lat'>49</span> <span class='ocrx_word' id='word_1_164' title='bbox 277 1981 345 2050; x_wconf 91' lang='lat' dir='ltr'>(non</span> <span class='ocrx_word' id='word_1_165' title='bbox 355 1979 400 2048; x_wconf 85' lang='grc'>48)</span> <span class='ocrx_word' id='word_1_166' title='bbox 410 1986 516 2047; x_wconf 88' lang='lat' dir='ltr'>petere,</span> <span class='ocrx_word' id='word_1_167' title='bbox 530 1978 634 2032; x_wconf 83' lang='lat' dir='ltr'>falsum</span> <span class='ocrx_word' id='word_1_168' title='bbox 643 1984 694 2032; x_wconf 86' lang='lat' dir='ltr'>est.</span> <span class='ocrx_word' id='word_1_169' title='bbox 712 1977 769 2030; x_wconf 90' lang='lat' dir='ltr'>alia</span> <span class='ocrx_word' id='word_1_170' title='bbox 779 1983 862 2030; x_wconf 81' lang='lat' dir='ltr'>ettam</span> <span class='ocrx_word' id='word_1_171' title='bbox 873 1977 919 2030; x_wconf 86' lang='lat' dir='ltr'>via</span> <span class='ocrx_word' id='word_1_172' title='bbox 928 1975 1053 2046; x_wconf 88' lang='lat' dir='ltr'>patebat,</span> <span class='ocrx_word' id='word_1_173' title='bbox 1063 1992 1148 2030; x_wconf 90' lang='lat' dir='ltr'>nemo</span> <span class='ocrx_word' id='word_1_174' title='bbox 1158 1984 1248 2031; x_wconf 88' lang='lat' dir='ltr'>tamen</span> 
     </span>
     <span class='ocr_line' id='line_1_19' title="bbox 158 2043 1249 2113; baseline -0.002 -13"><span class='ocrx_word' id='word_1_175' title='bbox 158 2047 342 2102; x_wconf 81' lang='lat' dir='ltr'>intellexerat</span> <span class='ocrx_word' id='word_1_176' title='bbox 351 2045 456 2101; x_wconf 88' lang='lat' dir='ltr'>Caesar</span> <span class='ocrx_word' id='word_1_177' title='bbox 469 2062 500 2100; x_wconf 87' lang='lat' dir='ltr'>se</span> <span class='ocrx_word' id='word_1_178' title='bbox 515 2046 622 2100; x_wconf 86' lang='lat' dir='ltr'>salvum</span> <span class='ocrx_word' id='word_1_179' title='bbox 633 2063 694 2100; x_wconf 90' lang='lat' dir='ltr'>esse</span> <span class='ocrx_word' id='word_1_180' title='bbox 713 2045 796 2099; x_wconf 86' lang='lat' dir='ltr'>facilc</span> <span class='ocrx_word' id='word_1_181' title='bbox 806 2045 974 2113; x_wconf 78' lang='lat' dir='ltr'>adducetur,</span> <span class='ocrx_word' id='word_1_182' title='bbox 984 2049 1017 2096; x_wconf 89' lang='lat' dir='ltr'>ut</span> <span class='ocrx_word' id='word_1_183' title='bbox 1026 2043 1139 2112; x_wconf 86' lang='lat' dir='ltr'>eredat,</span> <span class='ocrx_word' id='word_1_184' title='bbox 1152 2060 1249 2099; x_wconf 83' lang='lat' dir='ltr'>revers</span> 
     </span>
     <span class='ocr_line' id='line_1_20' title="bbox 157 2111 1248 2183; baseline -0.003 -16"><span class='ocrx_word' id='word_1_185' title='bbox 157 2131 215 2169; x_wconf 92' lang='lat' dir='ltr'>non</span> <span class='ocrx_word' id='word_1_186' title='bbox 233 2130 332 2183; x_wconf 87' lang='lat' dir='ltr'>posse,</span> <span class='ocrx_word' id='word_1_187' title='bbox 359 2113 383 2166; x_wconf 90' lang='lat' dir='ltr'>si</span> <span class='ocrx_word' id='word_1_188' title='bbox 400 2114 438 2167; x_wconf 91' lang='lat' dir='ltr'>ab</span> <span class='ocrx_word' id='word_1_189' title='bbox 455 2113 581 2168; x_wconf 83' lang='lat' dir='ltr'>exercitu</span> <span class='ocrx_word' id='word_1_190' title='bbox 603 2130 694 2167; x_wconf 88' lang='lat' dir='ltr'>reces-</span> <span class='ocrx_word' id='word_1_191' title='bbox 713 2129 776 2166; x_wconf 88' lang='lat' dir='ltr'>cum</span> <span class='ocrx_word' id='word_1_192' title='bbox 800 2129 942 2181; x_wconf 77' lang='lat' dir='ltr'>sperasse,</span> <span class='ocrx_word' id='word_1_193' title='bbox 971 2111 1039 2182; x_wconf 87' lang='lat' dir='ltr'>quid</span> <span class='ocrx_word' id='word_1_194' title='bbox 1061 2127 1125 2165; x_wconf 87' lang='lat' dir='ltr'>uam</span> <span class='ocrx_word' id='word_1_195' title='bbox 1146 2111 1248 2165; x_wconf 85' lang='lat' dir='ltr'>saillis</span> 
     </span>
     <span class='ocr_line' id='line_1_21' title="bbox 159 2179 1248 2250; baseline -0.001 -16"><span class='ocrx_word' id='word_1_196' title='bbox 159 2182 250 2236; x_wconf 89' lang='lat' dir='ltr'>sisset.</span> <span class='ocrx_word' id='word_1_197' title='bbox 286 2181 350 2235; x_wconf 86' lang='lat' dir='ltr'>Hoc</span> <span class='ocrx_word' id='word_1_198' title='bbox 364 2181 454 2249; x_wconf 90' lang='lat' dir='ltr'>ipsum</span> <span class='ocrx_word' id='word_1_199' title='bbox 472 2186 565 2235; x_wconf 89' lang='lat' dir='ltr'>autem</span> <span class='ocrx_word' id='word_1_200' title='bbox 579 2188 694 2236; x_wconf 89' lang='lat' dir='ltr'>senatus</span> <span class='ocrx_word' id='word_1_201' title='bbox 713 2197 786 2250; x_wconf 90' lang='lat' dir='ltr'>quae</span> <span class='ocrx_word' id='word_1_202' title='bbox 795 2179 918 2234; x_wconf 88' lang='lat' dir='ltr'>instituit</span> <span class='ocrx_word' id='word_1_203' title='bbox 926 2184 955 2233; x_wconf 88' lang='lat' dir='ltr'>et</span> <span class='ocrx_word' id='word_1_204' title='bbox 966 2185 1050 2248; x_wconf 89' lang='lat' dir='ltr'>postu</span> <span class='ocrx_word' id='word_1_205' title='bbox 1081 2179 1248 2233; x_wconf 83' lang='lat' dir='ltr'>vitdeoom·</span> 
     </span>
     <span class='ocr_line' id='line_1_22' title="bbox 157 2244 1247 2318; baseline 0.001 -17"><span class='ocrx_word' id='word_1_206' title='bbox 157 2249 247 2303; x_wconf 87' lang='lat' dir='ltr'>voluit</span> <span class='ocrx_word' id='word_1_207' title='bbox 264 2265 299 2303; x_wconf 89' lang='lat' dir='ltr'>ae</span> <span class='ocrx_word' id='word_1_208' title='bbox 319 2255 472 2318; x_wconf 90' lang='lat' dir='ltr'>propterea</span> <span class='ocrx_word' id='word_1_209' title='bbox 494 2255 561 2303; x_wconf 89' lang='lat' dir='ltr'>ante</span> <span class='ocrx_word' id='word_1_210' title='bbox 584 2257 694 2317; x_wconf 88' lang='lat' dir='ltr'>tempus</span> <span class='ocrx_word' id='word_1_211' title='bbox 712 2248 853 2318; x_wconf 86' lang='lat' dir='ltr'><strong>positione</strong></span> <span class='ocrx_word' id='word_1_212' title='bbox 896 2247 1046 2317; x_wconf 77' lang='lat' dir='ltr'><strong>colloquiis</strong></span> <span class='ocrx_word' id='word_1_213' title='bbox 1085 2244 1247 2302; x_wconf 84' lang='lat' dir='ltr'>effecturum</span> 
     </span>
     <span class='ocr_line' id='line_1_23' title="bbox 157 2314 1248 2384; baseline 0 -15"><span class='ocrx_word' id='word_1_214' title='bbox 157 2317 295 2371; x_wconf 81' lang='lat' dir='ltr'>decedere</span> <span class='ocrx_word' id='word_1_215' title='bbox 313 2333 375 2370; x_wconf 89' lang='lat' dir='ltr'>eum</span> <span class='ocrx_word' id='word_1_216' title='bbox 393 2316 482 2370; x_wconf 89' lang='lat' dir='ltr'>iussit.</span> <span class='ocrx_word' id='word_1_217' title='bbox 527 2317 591 2371; x_wconf 78' lang='lat' dir='ltr'>‘Ca</span> <span class='ocrx_word' id='word_1_218' title='bbox 615 2318 693 2374; x_wconf 82' lang='lat' dir='ltr'>Pom·</span> <span class='ocrx_word' id='word_1_219' title='bbox 713 2333 783 2370; x_wconf 90' lang='lat' dir='ltr'>esse.</span> <span class='ocrx_word' id='word_1_220' title='bbox 819 2316 897 2369; x_wconf 88' lang='lat' dir='ltr'>Bene</span> <span class='ocrx_word' id='word_1_221' title='bbox 916 2316 990 2369; x_wconf 87' lang='lat' dir='ltr'>enim</span> <span class='ocrx_word' id='word_1_222' title='bbox 1013 2320 1097 2369; x_wconf 85' lang='lat' dir='ltr'>norat</span> <span class='ocrx_word' id='word_1_223' title='bbox 1116 2314 1248 2384; x_wconf 80' lang='lat' dir='ltr'>implaca-</span> 
     </span>
    </p>

    <p class='ocr_par' dir='ltr' id='par_1_7' title="bbox 95 2383 1249 2707">
     <span class='ocr_line' id='line_1_24' title="bbox 95 2383 1248 2454; baseline -0.001 -16"><span class='ocrx_word' id='word_1_224' title='bbox 95 2420 100 2426; x_wconf 83' lang='lat'><strong>·</strong></span> <span class='ocrx_word' id='word_1_225' title='bbox 156 2385 238 2454; x_wconf 89' lang='lat' dir='ltr'>peius</span> <span class='ocrx_word' id='word_1_226' title='bbox 257 2384 403 2438; x_wconf 88' lang='lat' dir='ltr'>constituit</span> <span class='ocrx_word' id='word_1_227' title='bbox 423 2402 481 2439; x_wconf 89' lang='lat' dir='ltr'>non</span> <span class='ocrx_word' id='word_1_228' title='bbox 503 2385 562 2454; x_wconf 91' lang='lat' dir='ltr'>pati</span> <span class='ocrx_word' id='word_1_229' title='bbox 581 2383 611 2438; x_wconf 90' lang='lat' dir='ltr'>C.</span> <span class='ocrx_word' id='word_1_230' title='bbox 626 2383 693 2438; x_wconf 85' lang='lat' dir='ltr'>Cae·</span> <span class='ocrx_word' id='word_1_231' title='bbox 713 2383 785 2438; x_wconf 91' lang='lat' dir='ltr'>biles</span> <span class='ocrx_word' id='word_1_232' title='bbox 795 2384 1019 2438; x_wconf 88' lang='lat' dir='ltr'>adversariorum</span> <span class='ocrx_word' id='word_1_233' title='bbox 1033 2383 1143 2436; x_wconf 87' lang='lat' dir='ltr'>animos</span> <span class='ocrx_word' id='word_1_234' title='bbox 1154 2390 1185 2437; x_wconf 90' lang='lat' dir='ltr'>et</span> <span class='ocrx_word' id='word_1_235' title='bbox 1193 2388 1248 2437; x_wconf 86' lang='lat' dir='ltr'>sto·</span> 
     </span>
     <span class='ocr_line' id='line_1_25' title="bbox 157 2449 1248 2532; baseline -0.001 -26"><span class='ocrx_word' id='word_1_236' title='bbox 157 2469 249 2506; x_wconf 89' lang='lat' dir='ltr'>sarem</span> <span class='ocrx_word' id='word_1_237' title='bbox 272 2452 416 2505; x_wconf 87' lang='lat' dir='ltr'>consulem</span> <span class='ocrx_word' id='word_1_238' title='bbox 438 2452 521 2506; x_wconf 89' lang='lat' dir='ltr'>aliter</span> <span class='ocrx_word' id='word_1_239' title='bbox 538 2452 612 2532; x_wconf 70' lang='lat' dir='ltr'>fieri,</span> <span class='ocrx_word' id='word_1_240' title='bbox 640 2453 693 2505; x_wconf 86' lang='lat' dir='ltr'><strong>nisi</strong></span> <span class='ocrx_word' id='word_1_241' title='bbox 712 2452 796 2506; x_wconf 92' lang='lat' dir='ltr'>lidam</span> <span class='ocrx_word' id='word_1_242' title='bbox 823 2449 974 2524; x_wconf 78' lang='lat' dir='ltr'>fiduciam,¹</span> <span class='ocrx_word' id='word_1_243' title='bbox 1005 2450 1172 2530; x_wconf 79' lang='lat' dir='ltr'>sciebatque</span> <span class='ocrx_word' id='word_1_244' title='bbox 1199 2466 1248 2505; x_wconf 88' lang='lat' dir='ltr'>eos</span> 
     </span>
     <span class='ocr_line' id='line_1_26' title="bbox 157 2518 1249 2588; baseline -0.002 -14"><span class='ocrx_word' id='word_1_245' title='bbox 157 2520 308 2575; x_wconf 85' lang='lat' dir='ltr'>exercitum</span> <span class='ocrx_word' id='word_1_246' title='bbox 324 2525 352 2574; x_wconf 89' lang='lat' dir='ltr'>et</span> <span class='ocrx_word' id='word_1_247' title='bbox 381 2521 520 2574; x_wconf 84' lang='lat' dir='ltr'>revincias</span> <span class='ocrx_word' id='word_1_248' title='bbox 535 2520 693 2574; x_wconf 78' lang='lat' dir='ltr'>tradiderit’</span> <span class='ocrx_word' id='word_1_249' title='bbox 711 2520 765 2572; x_wconf 90' lang='lat' dir='ltr'><strong>nisi</strong></span> <span class='ocrx_word' id='word_1_250' title='bbox 775 2536 837 2573; x_wconf 91' lang='lat' dir='ltr'>cum</span> <span class='ocrx_word' id='word_1_251' title='bbox 847 2519 1060 2573; x_wconf 87' lang='lat' dir='ltr'>existimationis</span> <span class='ocrx_word' id='word_1_252' title='bbox 1069 2518 1249 2588; x_wconf 81' lang='lat' dir='ltr'>ctdrgnitatr&#39;s</span> 
     </span>
     <span class='ocr_line' id='line_1_27' title="bbox 157 2537 1248 2707; baseline 0 -66"><span class='ocrx_word' id='word_1_253' title='bbox 157 2537 517 2654; x_wconf 60' lang='lat' dir='ltr'>cte.aoaam.i’1111.14,a.</span> <span class='ocrx_word' id='word_1_254' title='bbox 535 2587 694 2657; x_wconf 84' lang='lat' dir='ltr'>llocigitur</span> <span class='ocrx_word' id='word_1_255' title='bbox 712 2604 779 2641; x_wconf 89' lang='lat' dir='ltr'>suae</span> <span class='ocrx_word' id='word_1_256' title='bbox 788 2587 897 2641; x_wconf 88' lang='lat' dir='ltr'>iactura</span> <span class='ocrx_word' id='word_1_257' title='bbox 910 2605 966 2641; x_wconf 90' lang='lat' dir='ltr'>non</span> <span class='ocrx_word' id='word_1_258' title='bbox 974 2603 1065 2707; x_wconf 55' lang='lat' dir='ltr'>fosse</span> <span class='ocrx_word' id='word_1_259' title='bbox 1080 2587 1190 2666; x_wconf 82' lang='lat' dir='ltr'>coeptis</span> <span class='ocrx_word' id='word_1_260' title='bbox 1203 2587 1248 2641; x_wconf 74' lang='lat' dir='ltr'>de</span> 
     </span>
    </p>

    <p class='ocr_par' dir='ltr' id='par_1_8' title="bbox 155 2655 1248 2932">
     <span class='ocr_line' id='line_1_28' title="bbox 156 2655 1248 2726; baseline -0.002 -16"><span class='ocrx_word' id='word_1_261' title='bbox 156 2660 186 2710; x_wconf 91' lang='lat' dir='ltr'>et</span> <span class='ocrx_word' id='word_1_262' title='bbox 194 2655 271 2725; x_wconf 91' lang='lat' dir='ltr'>quod</span> <span class='ocrx_word' id='word_1_263' title='bbox 280 2671 316 2709; x_wconf 91' lang='lat' dir='ltr'>ne</span> <span class='ocrx_word' id='word_1_264' title='bbox 330 2655 501 2726; x_wconf 86' lang='lat' dir='ltr'>aequissima</span> <span class='ocrx_word' id='word_1_265' title='bbox 514 2656 626 2726; x_wconf 89' lang='lat' dir='ltr'>quidem</span> <span class='ocrx_word' id='word_1_266' title='bbox 637 2673 693 2710; x_wconf 92' lang='lat' dir='ltr'>ase</span> <span class='ocrx_word' id='word_1_267' title='bbox 712 2655 811 2709; x_wconf 86' lang='lat' dir='ltr'>sistere</span> <span class='ocrx_word' id='word_1_268' title='bbox 821 2655 885 2725; x_wconf 89' lang='lat'><em>(111.</em></span> <span class='ocrx_word' id='word_1_269' title='bbox 895 2656 948 2726; x_wconf 85' lang='lat'>18).</span> <span class='ocrx_word' id='word_1_270' title='bbox 990 2663 1019 2708; x_wconf 90' lang='lat' dir='ltr'>ta</span> <span class='ocrx_word' id='word_1_271' title='bbox 1028 2655 1129 2708; x_wconf 90' lang='lat' dir='ltr'>iterum</span> <span class='ocrx_word' id='word_1_272' title='bbox 1138 2660 1248 2708; x_wconf 84' lang='lat' dir='ltr'>iterum·</span> 
     </span>
     <span class='ocr_line' id='line_1_29' title="bbox 156 2721 1248 2842; baseline -0.002 -65"><span class='ocrx_word' id='word_1_273' title='bbox 156 2724 215 2779; x_wconf 90' lang='lat' dir='ltr'>lata</span> <span class='ocrx_word' id='word_1_274' title='bbox 233 2723 414 2794; x_wconf 90' lang='lat' dir='ltr'>condicione,</span> <span class='ocrx_word' id='word_1_275' title='bbox 433 2731 477 2804; x_wconf 70' lang='lat' dir='ltr'>ut,</span> <span class='ocrx_word' id='word_1_276' title='bbox 497 2724 521 2778; x_wconf 87' lang='lat' dir='ltr'>si</span> <span class='ocrx_word' id='word_1_277' title='bbox 538 2723 593 2793; x_wconf 87' lang='lat' dir='ltr'>ipsi</span> <span class='ocrx_word' id='word_1_278' title='bbox 611 2724 692 2778; x_wconf 87' lang='lat' dir='ltr'>dece·</span> <span class='ocrx_word' id='word_1_279' title='bbox 712 2740 768 2792; x_wconf 88' lang='lat' dir='ltr'>que</span> <span class='ocrx_word' id='word_1_280' title='bbox 776 2721 930 2792; x_wconf 88' lang='lat' dir='ltr'>propositis</span> <span class='ocrx_word' id='word_1_281' title='bbox 943 2723 1022 2842; x_wconf 67' lang='lat' dir='ltr'>facis</span> <span class='ocrx_word' id='word_1_282' title='bbox 1034 2721 1248 2776; x_wconf 87' lang='lat' dir='ltr'><strong>condicionibus</strong></span> 
     </span>
     <span class='ocr_line' id='line_1_30' title="bbox 156 2789 1247 2863; baseline -0.002 -17"><span class='ocrx_word' id='word_1_283' title='bbox 156 2792 278 2847; x_wconf 84' lang='lat' dir='ltr'>dandum</span> <span class='ocrx_word' id='word_1_284' title='bbox 302 2797 391 2859; x_wconf 90' lang='lat' dir='ltr'>esset,</span> <span class='ocrx_word' id='word_1_285' title='bbox 426 2792 527 2863; x_wconf 76' lang='lat' dir='ltr'>reliqui</span> <span class='ocrx_word' id='word_1_286' title='bbox 551 2793 634 2846; x_wconf 92' lang='lat' dir='ltr'>etiam</span> <span class='ocrx_word' id='word_1_287' title='bbox 656 2793 692 2846; x_wconf 89' lang='lat' dir='ltr'>ab</span> <span class='ocrx_word' id='word_1_288' title='bbox 712 2791 766 2844; x_wconf 90' lang='lat' dir='ltr'>hoc</span> <span class='ocrx_word' id='word_1_289' title='bbox 776 2789 876 2858; x_wconf 84' lang='lat' dir='ltr'>effecit,</span> <span class='ocrx_word' id='word_1_290' title='bbox 887 2797 941 2859; x_wconf 94' lang='lat' dir='ltr'>utp</span> <span class='ocrx_word' id='word_1_291' title='bbox 954 2789 1092 2845; x_wconf 86' lang='lat' dir='ltr'>acahilior</span> <span class='ocrx_word' id='word_1_292' title='bbox 1101 2791 1164 2859; x_wconf 86' lang='lat' dir='ltr'>ipse</span> <span class='ocrx_word' id='word_1_293' title='bbox 1175 2790 1247 2844; x_wconf 87' lang='lat' dir='ltr'>vide·</span> 
     </span>
     <span class='ocr_line' id='line_1_31' title="bbox 155 2857 1248 2932; baseline -0.005 -16"><span class='ocrx_word' id='word_1_294' title='bbox 155 2861 240 2916; x_wconf 84' lang='lat' dir='ltr'>armis</span> <span class='ocrx_word' id='word_1_295' title='bbox 253 2860 432 2914; x_wconf 87' lang='lat' dir='ltr'>discederent</span> <span class='ocrx_word' id='word_1_296' title='bbox 442 2861 565 2932; x_wconf 87' lang='lat' dir='ltr'>(b.civ.l.</span> <span class='ocrx_word' id='word_1_297' title='bbox 575 2862 600 2913; x_wconf 88' lang='grc'>9.</span> <span class='ocrx_word' id='word_1_298' title='bbox 616 2858 691 2914; x_wconf 86' lang='lat' dir='ltr'>Suet.</span> <span class='ocrx_word' id='word_1_299' title='bbox 710 2865 787 2913; x_wconf 89' lang='lat' dir='ltr'>retur</span> <span class='ocrx_word' id='word_1_300' title='bbox 796 2866 826 2912; x_wconf 91' lang='lat' dir='ltr'>et</span> <span class='ocrx_word' id='word_1_301' title='bbox 835 2876 890 2912; x_wconf 92' lang='lat' dir='ltr'>uon</span> <span class='ocrx_word' id='word_1_302' title='bbox 899 2875 959 2925; x_wconf 85' lang='lat' dir='ltr'>sua,</span> <span class='ocrx_word' id='word_1_303' title='bbox 966 2857 1248 2912; x_wconf 88' lang='lat' dir='ltr'>sedadversariornm</span> 
     </span>
    </p>

    <p class='ocr_par' dir='ltr' id='par_1_9' title="bbox 154 2925 1248 3333">
     <span class='ocr_line' id='line_1_32' title="bbox 155 2925 1248 2998; baseline -0.003 -16"><span class='ocrx_word' id='word_1_304' title='bbox 155 2945 179 2982; x_wconf 91' lang='lat' dir='ltr'>c.</span> <span class='ocrx_word' id='word_1_305' title='bbox 189 2928 248 2998; x_wconf 75' lang='lat'>29),</span> <span class='ocrx_word' id='word_1_306' title='bbox 267 2928 385 2997; x_wconf 84' lang='lat' dir='ltr'><strong>transigi</strong></span> <span class='ocrx_word' id='word_1_307' title='bbox 400 2945 493 2982; x_wconf 85' lang='lat' dir='ltr'>secum</span> <span class='ocrx_word' id='word_1_308' title='bbox 508 2928 631 2981; x_wconf 83' lang='lat' dir='ltr'>voluisse</span> <span class='ocrx_word' id='word_1_309' title='bbox 645 2929 692 2981; x_wconf 89' lang='lat' dir='ltr'>ad·</span> <span class='ocrx_word' id='word_1_310' title='bbox 711 2927 794 2997; x_wconf 93' lang='lat' dir='ltr'>eulpa</span> <span class='ocrx_word' id='word_1_311' title='bbox 808 2943 853 2979; x_wconf 88' lang='lat' dir='ltr'>res</span> <span class='ocrx_word' id='word_1_312' title='bbox 872 2926 908 2980; x_wconf 88' lang='lat' dir='ltr'>ad</span> <span class='ocrx_word' id='word_1_313' title='bbox 931 2933 1083 2980; x_wconf 84' lang='lat' dir='ltr'>extremum</span> <span class='ocrx_word' id='word_1_314' title='bbox 1099 2925 1248 2991; x_wconf 84' lang='lat' dir='ltr'>discrimen</span> 
     </span>
     <span class='ocr_line' id='line_1_33' title="bbox 154 2993 1248 3064; baseline 0 -17"><span class='ocrx_word' id='word_1_315' title='bbox 154 2996 309 3061; x_wconf 85' lang='lat' dir='ltr'>versarios,</span> <span class='ocrx_word' id='word_1_316' title='bbox 328 2996 387 3048; x_wconf 89' lang='lat' dir='ltr'>iure</span> <span class='ocrx_word' id='word_1_317' title='bbox 399 3013 450 3048; x_wconf 91' lang='lat' dir='ltr'>suo</span> <span class='ocrx_word' id='word_1_318' title='bbox 466 2995 600 3064; x_wconf 87' lang='lat' dir='ltr'>queritur.</span> <span class='ocrx_word' id='word_1_319' title='bbox 626 2995 691 3062; x_wconf 91' lang='lat' dir='ltr'>Ipse</span> <span class='ocrx_word' id='word_1_320' title='bbox 710 2995 848 3063; x_wconf 87' lang='lat' dir='ltr'>perducta</span> <span class='ocrx_word' id='word_1_321' title='bbox 856 2999 1009 3062; x_wconf 90' lang='lat' dir='ltr'>putaretur.</span> <span class='ocrx_word' id='word_1_322' title='bbox 1023 2993 1077 3047; x_wconf 88' lang='lat' dir='ltr'>Est</span> <span class='ocrx_word' id='word_1_323' title='bbox 1085 3009 1153 3047; x_wconf 83' lang='lat' dir='ltr'>vero</span> <span class='ocrx_word' id='word_1_324' title='bbox 1164 2994 1248 3047; x_wconf 87' lang='lat' dir='ltr'>ctiam</span> 
     </span>
     <span class='ocr_line' id='line_1_34' title="bbox 155 3056 1248 3141; baseline 0 -27"><span class='ocrx_word' id='word_1_325' title='bbox 155 3061 254 3114; x_wconf 88' lang='lat' dir='ltr'>Cicero</span> <span class='ocrx_word' id='word_1_326' title='bbox 277 3062 372 3116; x_wconf 87' lang='lat' dir='ltr'>faeere</span> <span class='ocrx_word' id='word_1_327' title='bbox 395 3079 452 3115; x_wconf 91' lang='lat' dir='ltr'>uon</span> <span class='ocrx_word' id='word_1_328' title='bbox 478 3068 587 3129; x_wconf 85' lang='lat' dir='ltr'>potest,</span> <span class='ocrx_word' id='word_1_329' title='bbox 624 3061 691 3131; x_wconf 91' lang='lat' dir='ltr'>quin</span> <span class='ocrx_word' id='word_1_330' title='bbox 710 3062 822 3115; x_wconf 88' lang='lat' dir='ltr'>tertium</span> <span class='ocrx_word' id='word_1_331' title='bbox 832 3061 975 3133; x_wconf 89' lang='lat' dir='ltr'>quiddam,</span> <span class='ocrx_word' id='word_1_332' title='bbox 986 3056 1072 3141; x_wconf 83' lang='lat' dir='ltr'>quod&#39;,</span> <span class='ocrx_word' id='word_1_333' title='bbox 1082 3077 1248 3116; x_wconf 88' lang='lat' dir='ltr'>cumrerum</span> 
     </span>
     <span class='ocr_line' id='line_1_35' title="bbox 154 3128 1248 3199; baseline 0.001 -18"><span class='ocrx_word' id='word_1_334' title='bbox 154 3129 290 3195; x_wconf 86' lang='lat' dir='ltr'>fateatur,</span> <span class='ocrx_word' id='word_1_335' title='bbox 326 3145 384 3181; x_wconf 90' lang='grc' dir='ltr'>ιιοιι</span> <span class='ocrx_word' id='word_1_336' title='bbox 407 3129 500 3182; x_wconf 90' lang='lat' dir='ltr'>omnia</span> <span class='ocrx_word' id='word_1_337' title='bbox 526 3128 649 3198; x_wconf 79' lang='lat' dir='ltr'>legitime</span> <span class='ocrx_word' id='word_1_338' title='bbox 676 3129 914 3199; x_wconf 87' lang='lat' dir='ltr'>apotitusesset,</span> <span class='ocrx_word' id='word_1_339' title='bbox 929 3128 1248 3183; x_wconf 74' lang='lat' dir='ltr'>manifestumomnibns</span> 
     </span>
     <span class='ocr_line' id='line_1_36' title="bbox 154 3194 1246 3266; baseline 0.001 -18"><span class='ocrx_word' id='word_1_340' title='bbox 154 3195 395 3263; x_wconf 89' lang='lat' dir='ltr'>Pompeiocoutra</span> <span class='ocrx_word' id='word_1_341' title='bbox 402 3194 550 3249; x_wconf 85' lang='lat' dir='ltr'>Caesarem</span> <span class='ocrx_word' id='word_1_342' title='bbox 561 3203 692 3266; x_wconf 87' lang='lat' dir='ltr'>suscepta</span> <span class='ocrx_word' id='word_1_343' title='bbox 710 3214 772 3251; x_wconf 86' lang='lat' dir='ltr'>essa</span> <span class='ocrx_word' id='word_1_344' title='bbox 790 3197 893 3250; x_wconf 88' lang='lat' dir='ltr'>voluit:</span> <span class='ocrx_word' id='word_1_345' title='bbox 916 3214 989 3266; x_wconf 86' lang='lat' dir='ltr'>quae</span> <span class='ocrx_word' id='word_1_346' title='bbox 1007 3196 1137 3251; x_wconf 88' lang='lat' dir='ltr'><strong>condicio</strong></span> <span class='ocrx_word' id='word_1_347' title='bbox 1155 3196 1246 3266; x_wconf 87' lang='lat' dir='ltr'>reipu-</span> 
     </span>
     <span class='ocr_line' id='line_1_37' title="bbox 154 3263 1247 3333; baseline 0.002 -18"><span class='ocrx_word' id='word_1_348' title='bbox 154 3279 217 3316; x_wconf 90' lang='lat' dir='ltr'>csse</span> <span class='ocrx_word' id='word_1_349' title='bbox 233 3268 262 3315; x_wconf 91' lang='lat' dir='ltr'>et</span> <span class='ocrx_word' id='word_1_350' title='bbox 275 3263 380 3316; x_wconf 91' lang='lat' dir='ltr'>bellum</span> <span class='ocrx_word' id='word_1_351' title='bbox 395 3279 458 3316; x_wconf 87' lang='lat' dir='ltr'>eum</span> <span class='ocrx_word' id='word_1_352' title='bbox 473 3280 507 3316; x_wconf 93' lang='lat' dir='ltr'>eu</span> <span class='ocrx_word' id='word_1_353' title='bbox 528 3263 621 3317; x_wconf 86' lang='lat' dir='ltr'>ivisse.</span> <span class='ocrx_word' id='word_1_354' title='bbox 657 3265 690 3320; x_wconf 88' lang='lat' dir='ltr'>V.</span> <span class='ocrx_word' id='word_1_355' title='bbox 710 3265 801 3320; x_wconf 88' lang='lat' dir='ltr'>blicac</span> <span class='ocrx_word' id='word_1_356' title='bbox 812 3264 1030 3331; x_wconf 88' lang='lat' dir='ltr'>futural&#39;uissct,</span> <span class='ocrx_word' id='word_1_357' title='bbox 1049 3264 1072 3317; x_wconf 90' lang='lat' dir='ltr'>si</span> <span class='ocrx_word' id='word_1_358' title='bbox 1082 3263 1247 3333; x_wconf 85' lang='lat' dir='ltr'>Pompeiani</span> 
     </span>
    </p>

    <p class='ocr_par' dir='ltr' id='par_1_10' title="bbox 151 3329 1247 4352">
     <span class='ocr_line' id='line_1_38' title="bbox 154 3329 1247 3402; baseline 0.004 -20"><span class='ocrx_word' id='word_1_359' title='bbox 154 3330 190 3383; x_wconf 89' lang='lat' dir='ltr'>ad</span> <span class='ocrx_word' id='word_1_360' title='bbox 208 3330 286 3383; x_wconf 82' lang='lat' dir='ltr'>Fam.</span> <span class='ocrx_word' id='word_1_361' title='bbox 306 3329 357 3382; x_wconf 85' lang='lat' dir='ltr'>IX.</span> <span class='ocrx_word' id='word_1_362' title='bbox 375 3332 400 3397; x_wconf 82' lang='lat' dir='ltr'>li,</span> <span class='ocrx_word' id='word_1_363' title='bbox 420 3331 449 3382; x_wconf 76' lang='lat'>2:</span> <span class='ocrx_word' id='word_1_364' title='bbox 481 3333 488 3361; x_wconf 83' lang='lat'>‘</span> <span class='ocrx_word' id='word_1_365' title='bbox 522 3331 561 3384; x_wconf 94' lang='lat' dir='ltr'><strong>idi</strong></span> <span class='ocrx_word' id='word_1_366' title='bbox 579 3339 691 3386; x_wconf 89' lang='lat' dir='ltr'>nostros</span> <span class='ocrx_word' id='word_1_367' title='bbox 708 3333 851 3387; x_wconf 79' lang='lat' dir='ltr'>vicissent.</span> <span class='ocrx_word' id='word_1_368' title='bbox 886 3333 1003 3396; x_wconf 89' lang='lat' dir='ltr'>Eorum,</span> <span class='ocrx_word' id='word_1_369' title='bbox 1031 3332 1128 3402; x_wconf 86' lang='lat' dir='ltr'>quida</span> <span class='ocrx_word' id='word_1_370' title='bbox 1143 3332 1247 3400; x_wconf 88' lang='lat' dir='ltr'>animo,</span> 
     </span>
     <span class='ocr_line' id='line_1_39' title="bbox 153 3397 1245 3470; baseline 0.001 -19"><span class='ocrx_word' id='word_1_371' title='bbox 153 3397 497 3466; x_wconf 90' lang='lat' dir='ltr'>amicoscuperebellum,</span> <span class='ocrx_word' id='word_1_372' title='bbox 512 3398 587 3453; x_wconf 88' lang='lat' dir='ltr'>hunc</span> <span class='ocrx_word' id='word_1_373' title='bbox 599 3406 690 3454; x_wconf 88' lang='lat' dir='ltr'>autem</span> <span class='ocrx_word' id='word_1_374' title='bbox 709 3418 765 3470; x_wconf 92' lang='lat' dir='ltr'>quo</span> <span class='ocrx_word' id='word_1_375' title='bbox 785 3401 882 3470; x_wconf 83' lang='lat' dir='ltr'>scripti</span> <span class='ocrx_word' id='word_1_376' title='bbox 906 3401 963 3453; x_wconf 90' lang='lat' dir='ltr'>sint</span> <span class='ocrx_word' id='word_1_377' title='bbox 989 3400 1017 3452; x_wconf 91' lang='lat' dir='ltr'><strong>hi</strong></span> <span class='ocrx_word' id='word_1_378' title='bbox 1042 3400 1245 3469; x_wconf 86' lang='lat' dir='ltr'>commentarii,</span> 
     </span>
     <span class='ocr_line' id='line_1_40' title="bbox 153 3468 1245 3535; baseline 0.005 -17"><span class='ocrx_word' id='word_1_379' title='bbox 153 3471 323 3535; x_wconf 78' lang='lat' dir='ltr'>nontamen</span> <span class='ocrx_word' id='word_1_380' title='bbox 344 3482 399 3530; x_wconf 88' lang='lat' dir='ltr'>ere,</span> <span class='ocrx_word' id='word_1_381' title='bbox 410 3482 493 3534; x_wconf 86' lang='lat' dir='ltr'>quam</span> <span class='ocrx_word' id='word_1_382' title='bbox 504 3484 560 3520; x_wconf 89' lang='lat' dir='ltr'>non</span> <span class='ocrx_word' id='word_1_383' title='bbox 571 3468 689 3535; x_wconf 64' lang='lat' dir='ltr'>timess,</span> <span class='ocrx_word' id='word_1_384' title='bbox 709 3469 916 3535; x_wconf 80' lang='lat' dir='ltr'>iudicaverunt,</span> <span class='ocrx_word' id='word_1_385' title='bbox 951 3468 1081 3522; x_wconf 90' lang='lat' dir='ltr'>nonnulli</span> <span class='ocrx_word' id='word_1_386' title='bbox 1108 3469 1245 3523; x_wconf 83' lang='lat' dir='ltr'>acerbita-</span> 
     </span>
     <span class='ocr_line' id='line_1_41' title="bbox 153 3533 1246 3606; baseline 0.003 -20"><span class='ocrx_word' id='word_1_387' title='bbox 153 3533 297 3587; x_wconf 81' lang='lat' dir='ltr'>etadAtt.</span> <span class='ocrx_word' id='word_1_388' title='bbox 335 3534 371 3587; x_wconf 87' lang='lat' dir='ltr'>ll.</span> <span class='ocrx_word' id='word_1_389' title='bbox 381 3533 446 3599; x_wconf 79' lang='lat'>8,4:</span> <span class='ocrx_word' id='word_1_390' title='bbox 466 3533 563 3597; x_wconf 80' lang='lat' dir='ltr'>‘Quod</span> <span class='ocrx_word' id='word_1_391' title='bbox 578 3536 690 3606; x_wconf 87' lang='lat' dir='ltr'>quaeris</span> <span class='ocrx_word' id='word_1_392' title='bbox 708 3543 778 3602; x_wconf 90' lang='lat' dir='ltr'>tem,</span> <span class='ocrx_word' id='word_1_393' title='bbox 797 3537 1014 3606; x_wconf 88' lang='lat' dir='ltr'>malignitatem,</span> <span class='ocrx_word' id='word_1_394' title='bbox 1034 3536 1182 3604; x_wconf 86' lang='lat' dir='ltr'>invidiam,</span> <span class='ocrx_word' id='word_1_395' title='bbox 1202 3553 1246 3589; x_wconf 86' lang='lat' dir='ltr'>su·</span> 
     </span>
     <span class='ocr_line' id='line_1_42' title="bbox 153 3601 1247 3723; baseline 0.002 -68"><span class='ocrx_word' id='word_1_396' title='bbox 153 3601 690 3723; x_wconf 44' lang='lat' dir='ltr'>{ecquaeprespaeificationissit,quan·</span> <span class='ocrx_word' id='word_1_397' title='bbox 708 3605 824 3674; x_wconf 83' lang='lat' dir='ltr'>perham</span> <span class='ocrx_word' id='word_1_398' title='bbox 851 3605 1008 3658; x_wconf 86' lang='lat' dir='ltr'>irrisionem</span> <span class='ocrx_word' id='word_1_399' title='bbox 1032 3610 1182 3669; x_wconf 87' lang='lat' dir='ltr'>accusant,</span> <span class='ocrx_word' id='word_1_400' title='bbox 1217 3610 1247 3657; x_wconf 89' lang='lat' dir='ltr'>ct</span> 
     </span>
     <span class='ocr_line' id='line_1_43' title="bbox 166 3686 256 3724; baseline 0.022 -2"><span class='ocrx_word' id='word_1_401' title='bbox 166 3687 212 3723; x_wconf 92' lang='lat' dir='ltr'>um</span> <span class='ocrx_word' id='word_1_402' title='bbox 222 3686 256 3724; x_wconf 87' lang='lat' dir='ltr'>ex</span> 
     </span>
     <span class='ocr_line' id='line_1_44' title="bbox 154 3739 1245 3810; baseline 0.001 -19"><span class='ocrx_word' id='word_1_403' title='bbox 154 3754 280 3792; x_wconf 86' lang='lat' dir='ltr'>sermone</span> <span class='ocrx_word' id='word_1_404' title='bbox 290 3756 354 3809; x_wconf 88' lang='lat' dir='ltr'>pers</span> <span class='ocrx_word' id='word_1_405' title='bbox 377 3739 434 3805; x_wconf 84' lang='lat' dir='ltr'>exi,</span> <span class='ocrx_word' id='word_1_406' title='bbox 443 3756 479 3793; x_wconf 91' lang='lat' dir='ltr'>ne</span> <span class='ocrx_word' id='word_1_407' title='bbox 489 3739 621 3793; x_wconf 76' lang='lat' dir='ltr'>voluntas</span> <span class='ocrx_word' id='word_1_408' title='bbox 632 3758 689 3810; x_wconf 85' lang='lat' dir='ltr'>qur·</span> <span class='ocrx_word' id='word_1_409' title='bbox 708 3747 872 3810; x_wconf 86' lang='lat' dir='ltr'>gesserunt,</span> <span class='ocrx_word' id='word_1_410' title='bbox 891 3741 926 3794; x_wconf 92' lang='lat' dir='ltr'>de</span> <span class='ocrx_word' id='word_1_411' title='bbox 937 3740 1103 3793; x_wconf 80' lang='lat' dir='ltr'>erudelitate</span> <span class='ocrx_word' id='word_1_412' title='bbox 1117 3747 1147 3793; x_wconf 87' lang='lat' dir='ltr'>et</span> <span class='ocrx_word' id='word_1_413' title='bbox 1157 3739 1245 3794; x_wconf 87' lang='lat' dir='ltr'>avari·</span> 
     </span>
     <span class='ocr_line' id='line_1_45' title="bbox 153 3806 1245 3878; baseline 0.002 -20"><span class='ocrx_word' id='word_1_414' title='bbox 153 3807 217 3860; x_wconf 92' lang='lat' dir='ltr'>dem</span> <span class='ocrx_word' id='word_1_415' title='bbox 231 3807 295 3860; x_wconf 88' lang='lat' dir='ltr'>est&#39;.</span> <span class='ocrx_word' id='word_1_416' title='bbox 332 3808 341 3878; x_wconf 90' lang='lat'>(</span> <span class='ocrx_word' id='word_1_417' title='bbox 375 3807 524 3862; x_wconf 62' lang='lat' dir='ltr'>ellllaa:</span> <span class='ocrx_word' id='word_1_418' title='bbox 544 3807 635 3863; x_wconf 86' lang='lat' dir='ltr'><strong>‘Nihil</strong></span> <span class='ocrx_word' id='word_1_419' title='bbox 649 3825 689 3862; x_wconf 88' lang='lat' dir='ltr'>re·</span> <span class='ocrx_word' id='word_1_420' title='bbox 707 3807 863 3862; x_wconf 88' lang='lat' dir='ltr'>tiaCaesar</span> <span class='ocrx_word' id='word_1_421' title='bbox 871 3815 981 3874; x_wconf 89' lang='lat' dir='ltr'>narrat,</span> <span class='ocrx_word' id='word_1_422' title='bbox 1000 3807 1174 3861; x_wconf 84' lang='lat' dir='ltr'>calumniose</span> <span class='ocrx_word' id='word_1_423' title='bbox 1189 3806 1245 3860; x_wconf 91' lang='lat' dir='ltr'><strong>dici</strong></span> 
     </span>
     <span class='ocr_line' id='line_1_46' title="bbox 152 3873 1245 3945; baseline 0 -19"><span class='ocrx_word' id='word_1_424' title='bbox 152 3873 426 3944; x_wconf 88' lang='lat' dir='ltr'>lictumaCaesare,</span> <span class='ocrx_word' id='word_1_425' title='bbox 445 3876 690 3945; x_wconf 88' lang='lat' dir='ltr'>quodservandae</span> <span class='ocrx_word' id='word_1_426' title='bbox 707 3876 893 3944; x_wconf 86' lang='lat' dir='ltr'>arbitrantur,</span> <span class='ocrx_word' id='word_1_427' title='bbox 920 3892 978 3928; x_wconf 92' lang='lat' dir='ltr'>non</span> <span class='ocrx_word' id='word_1_428' title='bbox 1004 3881 1168 3944; x_wconf 84' lang='lat' dir='ltr'>reputantes</span> <span class='ocrx_word' id='word_1_429' title='bbox 1194 3874 1245 3942; x_wconf 88' lang='lat' dir='ltr'>illi,</span> 
     </span>
     <span class='ocr_line' id='line_1_47' title="bbox 152 3941 1246 4023; baseline 0.004 -31"><span class='ocrx_word' id='word_1_430' title='bbox 152 3941 231 4009; x_wconf 86' lang='lat' dir='ltr'>pacis</span> <span class='ocrx_word' id='word_1_431' title='bbox 245 3958 332 3995; x_wconf 89' lang='lat' dir='ltr'>causa</span> <span class='ocrx_word' id='word_1_432' title='bbox 345 3944 476 4013; x_wconf 90' lang='lat' dir='ltr'>temptari</span> <span class='ocrx_word' id='word_1_433' title='bbox 487 3950 598 4023; x_wconf 86' lang='lat' dir='ltr'>posset:</span> <span class='ocrx_word' id='word_1_434' title='bbox 619 3943 689 3996; x_wconf 90' lang='lat' dir='ltr'><strong>nihil</strong></span> <span class='ocrx_word' id='word_1_435' title='bbox 708 3959 770 3996; x_wconf 90' lang='lat' dir='ltr'>cum</span> <span class='ocrx_word' id='word_1_436' title='bbox 789 3945 902 3998; x_wconf 91' lang='lat' dir='ltr'><strong>omnino</strong></span> <span class='ocrx_word' id='word_1_437' title='bbox 920 3945 1044 4012; x_wconf 88' lang='lat' dir='ltr'>ineptum</span> <span class='ocrx_word' id='word_1_438' title='bbox 1064 3952 1094 3997; x_wconf 89' lang='lat' dir='ltr'>et</span> <span class='ocrx_word' id='word_1_439' title='bbox 1111 3943 1246 3996; x_wconf 89' lang='lat' dir='ltr'>iniustum</span> 
     </span>
     <span class='ocr_line' id='line_1_48' title="bbox 152 4009 1244 4085; baseline 0.004 -26"><span class='ocrx_word' id='word_1_440' title='bbox 152 4014 294 4085; x_wconf 74' lang='lat' dir='ltr'>receptum</span> <span class='ocrx_word' id='word_1_441' title='bbox 304 4025 321 4061; x_wconf 91' lang='lat' dir='ltr'>a</span> <span class='ocrx_word' id='word_1_442' title='bbox 332 4009 546 4083; x_wconf 82' lang='lat' dir='ltr'>Pompeianrs&#39;.)</span> <span class='ocrx_word' id='word_1_443' title='bbox 578 4009 689 4065; x_wconf 85' lang='lat' dir='ltr'>Certum</span> <span class='ocrx_word' id='word_1_444' title='bbox 708 4012 756 4078; x_wconf 86' lang='lat' dir='ltr'>sit,</span> <span class='ocrx_word' id='word_1_445' title='bbox 767 4011 796 4065; x_wconf 91' lang='lat' dir='ltr'><strong>in</strong></span> <span class='ocrx_word' id='word_1_446' title='bbox 807 4012 956 4081; x_wconf 89' lang='lat' dir='ltr'>scriptore,</span> <span class='ocrx_word' id='word_1_447' title='bbox 971 4011 1019 4081; x_wconf 91' lang='lat' dir='ltr'>qui</span> <span class='ocrx_word' id='word_1_448' title='bbox 1030 4011 1136 4065; x_wconf 90' lang='lat' dir='ltr'>bellum</span> <span class='ocrx_word' id='word_1_449' title='bbox 1147 4010 1244 4064; x_wconf 87' lang='lat' dir='ltr'>factio-</span> 
     </span>
     <span class='ocr_line' id='line_1_49' title="bbox 151 4077 1245 4147; baseline 0.007 -22"><span class='ocrx_word' id='word_1_450' title='bbox 151 4079 240 4142; x_wconf 84' lang='lat' dir='ltr'>1g1tur</span> <span class='ocrx_word' id='word_1_451' title='bbox 263 4081 319 4141; x_wconf 91' lang='lat' dir='ltr'>est,</span> <span class='ocrx_word' id='word_1_452' title='bbox 348 4077 475 4147; x_wconf 89' lang='lat' dir='ltr'>Pompeii</span> <span class='ocrx_word' id='word_1_453' title='bbox 498 4079 688 4133; x_wconf 85' lang='lat' dir='ltr'>obstinatione</span> <span class='ocrx_word' id='word_1_454' title='bbox 707 4097 771 4132; x_wconf 90' lang='lat' dir='ltr'>num</span> <span class='ocrx_word' id='word_1_455' title='bbox 786 4079 932 4133; x_wconf 89' lang='lat' dir='ltr'>iracundia</span> <span class='ocrx_word' id='word_1_456' title='bbox 945 4089 1036 4133; x_wconf 87' lang='lat' dir='ltr'>ortum</span> <span class='ocrx_word' id='word_1_457' title='bbox 1053 4083 1163 4146; x_wconf 91' lang='lat' dir='ltr'>narrat,</span> <span class='ocrx_word' id='word_1_458' title='bbox 1183 4096 1245 4133; x_wconf 88' lang='lat' dir='ltr'>eam</span> 
     </span>
     <span class='ocr_line' id='line_1_50' title="bbox 153 4141 1246 4217; baseline 0.007 -24"><span class='ocrx_word' id='word_1_459' title='bbox 153 4141 310 4209; x_wconf 89' lang='lat' dir='ltr'>speciosam</span> <span class='ocrx_word' id='word_1_460' title='bbox 328 4149 358 4195; x_wconf 91' lang='lat' dir='ltr'>ct</span> <span class='ocrx_word' id='word_1_461' title='bbox 374 4144 476 4198; x_wconf 89' lang='lat' dir='ltr'>iustam</span> <span class='ocrx_word' id='word_1_462' title='bbox 490 4145 605 4200; x_wconf 87' lang='lat' dir='ltr'>Caesari</span> <span class='ocrx_word' id='word_1_463' title='bbox 624 4164 688 4201; x_wconf 91' lang='lat' dir='ltr'>cau·</span> <span class='ocrx_word' id='word_1_464' title='bbox 706 4147 869 4201; x_wconf 84' lang='lat' dir='ltr'>desiderare</span> <span class='ocrx_word' id='word_1_465' title='bbox 892 4147 976 4201; x_wconf 90' lang='lat' dir='ltr'>animi</span> <span class='ocrx_word' id='word_1_466' title='bbox 991 4147 1199 4217; x_wconf 87' lang='lat' dir='ltr'>simplicitatem</span> <span class='ocrx_word' id='word_1_467' title='bbox 1216 4153 1246 4202; x_wconf 86' lang='lat' dir='ltr'>et</span> 
     </span>
     <span class='ocr_line' id='line_1_51' title="bbox 152 4208 1243 4295; baseline 0.007 -35"><span class='ocrx_word' id='word_1_468' title='bbox 152 4208 374 4288; x_wconf 81' lang='lat' dir='ltr'>samprncbitam</span> <span class='ocrx_word' id='word_1_469' title='bbox 385 4228 448 4289; x_wconf 75' lang='lat' dir='ltr'>esse</span> <span class='ocrx_word' id='word_1_470' title='bbox 458 4214 688 4290; x_wconf 80' lang='lat' dir='ltr'>atqueintempe·</span> <span class='ocrx_word' id='word_1_471' title='bbox 707 4215 1004 4282; x_wconf 88' lang='lat' dir='ltr'>continentiam,nulla</span> <span class='ocrx_word' id='word_1_472' title='bbox 1014 4223 1046 4269; x_wconf 96' lang='lat' dir='ltr'>ut</span> <span class='ocrx_word' id='word_1_473' title='bbox 1055 4222 1150 4268; x_wconf 88' lang='lat' dir='ltr'>utatur</span> <span class='ocrx_word' id='word_1_474' title='bbox 1160 4232 1243 4295; x_wconf 85' lang='lat' dir='ltr'>quam</span> 
     </span>
     <span class='ocr_line' id='line_1_52' title="bbox 152 4281 1245 4352; baseline 0.005 -23"><span class='ocrx_word' id='word_1_475' title='bbox 152 4281 244 4329; x_wconf 81' lang='lat' dir='ltr'>rantra</span> <span class='ocrx_word' id='word_1_476' title='bbox 258 4292 310 4329; x_wconf 89' lang='lat' dir='ltr'>sua</span> <span class='ocrx_word' id='word_1_477' title='bbox 323 4293 450 4331; x_wconf 80' lang='lat' dir='ltr'>inimicos</span> <span class='ocrx_word' id='word_1_478' title='bbox 463 4284 504 4333; x_wconf 87' lang='lat' dir='ltr'>rta</span> <span class='ocrx_word' id='word_1_479' title='bbox 522 4282 582 4334; x_wconf 89' lang='lat' dir='ltr'>cius</span> <span class='ocrx_word' id='word_1_480' title='bbox 596 4282 688 4337; x_wconf 79' lang='lat' dir='ltr'>famae</span> <span class='ocrx_word' id='word_1_481' title='bbox 706 4284 844 4351; x_wconf 86' lang='lat' dir='ltr'>praebent</span> <span class='ocrx_word' id='word_1_482' title='bbox 853 4283 1006 4337; x_wconf 88' lang='lat' dir='ltr'>adversarii</span> <span class='ocrx_word' id='word_1_483' title='bbox 1016 4283 1245 4352; x_wconf 83' lang='lat' dir='ltr'>reprehensionis</span> 
     </span>
    </p>
   </div>
   <div class='ocr_carea' id='block_1_3' title="bbox 152 4343 1246 4486">
    <p class='ocr_par' dir='ltr' id='par_1_11' title="bbox 152 4343 1246 4486">
     <span class='ocr_line' id='line_1_53' title="bbox 152 4343 1246 4421; baseline 0.007 -24"><span class='ocrx_word' id='word_1_484' title='bbox 152 4343 347 4411; x_wconf 87' lang='lat' dir='ltr'>consuluisse,</span> <span class='ocrx_word' id='word_1_485' title='bbox 382 4353 431 4413; x_wconf 93' lang='lat' dir='ltr'>ut,</span> <span class='ocrx_word' id='word_1_486' title='bbox 467 4346 491 4399; x_wconf 86' lang='lat' dir='ltr'>si</span> <span class='ocrx_word' id='word_1_487' title='bbox 508 4348 552 4401; x_wconf 82' lang='lat' dir='ltr'>vel</span> <span class='ocrx_word' id='word_1_488' title='bbox 570 4351 687 4403; x_wconf 88' lang='lat' dir='ltr'>maxime</span> <span class='ocrx_word' id='word_1_489' title='bbox 706 4351 869 4418; x_wconf 87' lang='lat' dir='ltr'>occasione,</span> <span class='ocrx_word' id='word_1_490' title='bbox 881 4367 953 4421; x_wconf 92' lang='lat' dir='ltr'>quae</span> <span class='ocrx_word' id='word_1_491' title='bbox 962 4357 1044 4405; x_wconf 86' lang='lat' dir='ltr'>notat</span> <span class='ocrx_word' id='word_1_492' title='bbox 1058 4349 1172 4420; x_wconf 89' lang='lat' dir='ltr'>Caesar,</span> <span class='ocrx_word' id='word_1_493' title='bbox 1186 4366 1246 4405; x_wconf 89' lang='lat' dir='ltr'>non</span> 
     </span>
     <span class='ocr_line' id='line_1_54' title="bbox 152 4411 873 4486; baseline 0.018 -22"><span class='ocrx_word' id='word_1_494' title='bbox 152 4411 257 4464; x_wconf 88' lang='lat' dir='ltr'>bcllnm</span> <span class='ocrx_word' id='word_1_495' title='bbox 284 4411 477 4480; x_wconf 84' lang='lat' dir='ltr'>expetivisset,</span> <span class='ocrx_word' id='word_1_496' title='bbox 514 4431 573 4468; x_wconf 91' lang='lat' dir='ltr'>non</span> <span class='ocrx_word' id='word_1_497' title='bbox 602 4423 686 4486; x_wconf 85' lang='lat' dir='ltr'>esset,</span> <span class='ocrx_word' id='word_1_498' title='bbox 709 4465 873 4476; x_wconf 65' lang='grc'>-..-</span> 
     </span>
    </p>
   </div>
   <div class='ocr_carea' id='block_1_4' title="bbox 151 4480 923 4621">
    <p class='ocr_par' dir='ltr' id='par_1_12' title="bbox 151 4480 923 4621">
     <span class='ocr_line' id='line_1_55' title="bbox 152 4480 923 4564; baseline 0.014 -34"><span class='ocrx_word' id='word_1_499' title='bbox 152 4480 268 4558; x_wconf 76' lang='lat' dir='ltr'>carullo</span> <span class='ocrx_word' id='word_1_500' title='bbox 279 4485 425 4559; x_wconf 74' lang='lat' dir='ltr'>praetextu</span> <span class='ocrx_word' id='word_1_501' title='bbox 439 4487 572 4559; x_wconf 76' lang='lat' dir='ltr'>uteretur.</span> <span class='ocrx_word' id='word_1_502' title='bbox 609 4483 687 4547; x_wconf 84' lang='lat' dir='ltr'>Quae</span> <span class='ocrx_word' id='word_1_503' title='bbox 729 4525 754 4562; x_wconf 57' lang='grc' dir='ltr'>ω</span> <span class='ocrx_word' id='word_1_504' title='bbox 768 4523 835 4562; x_wconf 57' lang='lat' dir='ltr'>m,</span> <span class='ocrx_word' id='word_1_505' title='bbox 857 4523 877 4561; x_wconf 42' lang='lat'>9·</span> <span class='ocrx_word' id='word_1_506' title='bbox 892 4525 923 4564; x_wconf 43' lang='grc' dir='ltr'>Ἃ,</span> 
     </span>
     <span class='ocr_line' id='line_1_56' title="bbox 151 4548 881 4621; baseline 0.014 -23"><span class='ocrx_word' id='word_1_507' title='bbox 151 4553 236 4616; x_wconf 77' lang='lat' dir='ltr'>igitur</span> <span class='ocrx_word' id='word_1_508' title='bbox 250 4549 285 4602; x_wconf 89' lang='lat' dir='ltr'>de</span> <span class='ocrx_word' id='word_1_509' title='bbox 299 4565 408 4619; x_wconf 78' lang='lat' dir='ltr'>ongrnc</span> <span class='ocrx_word' id='word_1_510' title='bbox 419 4548 491 4603; x_wconf 82' lang='lat' dir='ltr'>belli</span> <span class='ocrx_word' id='word_1_511' title='bbox 509 4566 543 4604; x_wconf 88' lang='lat' dir='ltr'>ac</span> <span class='ocrx_word' id='word_1_512' title='bbox 561 4551 597 4605; x_wconf 88' lang='lat' dir='ltr'>de</span> <span class='ocrx_word' id='word_1_513' title='bbox 616 4551 687 4621; x_wconf 90' lang='lat' dir='ltr'>opti·</span> <span class='ocrx_word' id='word_1_514' title='bbox 704 4574 753 4612; x_wconf 66' lang='grc' dir='ltr'>ισ-</span> <span class='ocrx_word' id='word_1_515' title='bbox 766 4576 797 4613; x_wconf 81' lang='lat' dir='ltr'>ts.</span> <span class='ocrx_word' id='word_1_516' title='bbox 808 4551 881 4614; x_wconf 82' lang='lat' dir='ltr'>ar.&#39;st.</span> 
     </span>
    </p>
   </div>
   <div class='ocr_carea' id='block_1_5' title="bbox 296 3670 1246 3752">
    <p class='ocr_par' dir='ltr' id='par_1_13' title="bbox 296 3670 1246 3752">
     <span class='ocr_line' id='line_1_57' title="bbox 296 3670 1246 3752; baseline 0.001 -29"><span class='ocrx_word' id='word_1_517' title='bbox 296 3671 397 3740; x_wconf 90' lang='lat' dir='ltr'>ompcii</span> <span class='ocrx_word' id='word_1_518' title='bbox 411 3671 498 3724; x_wconf 92' lang='lat' dir='ltr'>multo</span> <span class='ocrx_word' id='word_1_519' title='bbox 514 3679 543 3725; x_wconf 90' lang='lat' dir='ltr'>et</span> <span class='ocrx_word' id='word_1_520' title='bbox 556 3680 690 3752; x_wconf 79' lang='lat' dir='ltr'>accurato</span> <span class='ocrx_word' id='word_1_521' title='bbox 709 3672 843 3742; x_wconf 88' lang='lat' dir='ltr'>quidquid</span> <span class='ocrx_word' id='word_1_522' title='bbox 855 3672 889 3727; x_wconf 90' lang='lat' dir='ltr'>de</span> <span class='ocrx_word' id='word_1_523' title='bbox 899 3673 1079 3752; x_wconf 88' lang='lat' dir='ltr'>rationc,qua</span> <span class='ocrx_word' id='word_1_524' title='bbox 1089 3670 1130 3724; x_wconf 91' lang='lat' dir='ltr'>illi</span> <span class='ocrx_word' id='word_1_525' title='bbox 1140 3672 1246 3726; x_wconf 83' lang='lat' dir='ltr'>bellum</span> 
     </span>
    </p>
   </div>
   <div class='ocr_carea' id='block_1_6' title="bbox 934 4523 1244 4565">
    <p class='ocr_par' dir='ltr' id='par_1_14' title="bbox 934 4523 1244 4565">
     <span class='ocr_line' id='line_1_58' title="bbox 934 4523 1244 4565; baseline -0.006 -2"><span class='ocrx_word' id='word_1_526' title='bbox 934 4525 966 4563; x_wconf 74' lang='lat'>26.</span> <span class='ocrx_word' id='word_1_527' title='bbox 976 4525 1010 4564; x_wconf 61' lang='grc' dir='ltr'>Μ,</span> <span class='ocrx_word' id='word_1_528' title='bbox 1019 4526 1052 4564; x_wconf 77' lang='lat' dir='ltr'>lt.</span> <span class='ocrx_word' id='word_1_529' title='bbox 1066 4525 1099 4564; x_wconf 74' lang='grc'>86.</span> <span class='ocrx_word' id='word_1_530' title='bbox 1117 4523 1157 4564; x_wconf 82' lang='lat'>111.</span> <span class='ocrx_word' id='word_1_531' title='bbox 1167 4524 1201 4565; x_wconf 88' lang='lat' dir='ltr'>lo.</span> <span class='ocrx_word' id='word_1_532' title='bbox 1212 4525 1244 4563; x_wconf 88' lang='lat'>11.</span> 
     </span>
    </p>
   </div>
   <div class='ocr_carea' id='block_1_7' title="bbox 0 0 1374 5272">
    <p class='ocr_par' dir='ltr' id='par_1_15' title="bbox 0 0 1374 5272">
     <span class='ocr_line' id='line_1_59' title="bbox 0 0 1374 5272; baseline 0 2"><span class='ocrx_word' id='word_1_533' title='bbox 0 0 1374 5272; x_wconf 95' lang='lat' dir='ltr'> </span> 
     </span>
    </p>
   </div>
  </div>
 </body>
</html>
