2738 5272
459 825 576 880 count.
593 825 616 880 1.
635 825 753 879 64-(38.
1049 811 1110 876 205

97 950 236 1015 difficilia
257 958 349 1032 atquc
377 960 510 1034 angusta
536 948 739 1034 excipiebant.
775 948 833 1013 hos
859 958 979 1012 montes
1002 949 1114 1012 intrare

62 1110 66 1119 ,
98 1045 277 1129 cupiebant,
297 1054 330 1108 ut
349 1045 519 1126 equitatum
537 1044 710 1129 effugerent
728 1041 873 1107 Caesaris
891 1042 1114 1126 praesidiisque

98 1139 129 1202 in
148 1139 300 1223 angustiis
319 1137 477 1201 collocatis
496 1138 664 1201 exercitum
688 1137 795 1201 itincre
818 1135 1027 1221 prohiberent,
1055 1137 1114 1221 ipsi

99 1234 165 1297 sinc
184 1232 319 1316 periculo
337 1255 373 1295 ac
392 1232 500 1296 timore
514 1232 669 1295 Hiberum
683 1232 788 1315 copias
802 1231 1005 1295 traducerent.
1032 1232 1116 1314 quod

98 1328 158 1391 suit
180 1326 240 1390 illis
263 1326 438 1389 conandum
460 1335 552 1408 atquc
576 1325 659 1389 omni
681 1326 799 1389 mtionc
822 1325 1034 1401 efficiendum3
1062 1324 1117 1388 sed

100 1421 194 1485 totius
222 1419 282 1481 diei
308 1442 414 1503 pugna
444 1429 537 1501 atque
567 1419 684 1483 itineris
715 1419 820 1483 labore
847 1419 964 1483 defessi
990 1441 1055 1482 rcm
1085 1418 1118 1481 in

99 1525 260 1598 posterum
282 1512 363 1574 diem
390 1512 585 1575 distulerunt.
623 1512 741 1576 Cacsar
767 1535 890 1595 quoque
919 1513 951 1575 in
977 1511 1117 1596 proximo

101 1608 178 1672 colle
197 1617 299 1669 castra
315 1606 411 1689 ponit.
439 1607 542 1668 media
559 1606 679 1669 circiter
696 1617 785 1670 nocte
804 1606 852 1682 iis,
871 1608 924 1689 qui
943 1605 1118 1689 adaquandi
1137 1625 1168 1671 oe

101 1724 197 1765 causa
210 1700 334 1784 longius
349 1724 368 1762 a
382 1701 490 1763 castris
504 1711 727 1784 processerant,
746 1699 786 1764 ab
800 1701 955 1783 equitibus
969 1699 1117 1783 correptis

101 1795 136 1857 fit
153 1794 192 1857 ab
210 1793 259 1856 his
278 1793 388 1856 certior
407 1793 525 1857 Cacsar
542 1794 637 1858 duces
656 1795 902 1858 adversariorum
925 1794 1046 1858 silentio
1068 1814 1117 1856 co·

101 1889 170 1972 pias
197 1886 304 1950 castris
327 1887 467 1950 educere.
504 1910 566 1969 quo
589 1888 712 1973 cognito
736 1889 859 1972 signum
887 1888 952 1951 dari
977 1886 1063 1950 iubet
1089 1897 1121 1949 et

102 2004 179 2044 vasa
196 1980 319 2043 militari
337 2002 422 2043 more
436 1981 630 2045 conclamari.
658 1982 701 2045 illi
717 1982 861 2045 exaudito
874 1981 1007 2045 clamore
1021 1980 1119 2050 veriti,

103 2096 141 2137 nc
159 2084 253 2137 noctu
271 2075 410 2158 impediti
429 2074 487 2138 sub
506 2097 598 2139 onere
621 2075 786 2160 confligere
810 2084 993 2160 cogerentur
1010 2084 1064 2137 aut
1080 2095 1120 2136 nc

103 2168 141 2231 ab
160 2167 299 2250 equitatu
319 2167 464 2231 Caesaris
483 2168 514 2231 in
532 2170 684 2254 angustiis
703 2178 892 2244 tenerentur,
920 2168 978 2231 iter
1000 2166 1119 2251 suppri-

103 2271 191 2323 munt
208 2260 375 2344 copiasque
394 2261 425 2323 in
444 2261 553 2325 castris
571 2262 737 2326 continent.
772 2272 897 2347 postero
915 2261 965 2324 dio
977 2260 1120 2324 Petreius

103 2377 175 2418 curn
200 2355 309 2438 paucis
336 2355 490 2437 equitibus
513 2355 632 2418 occulte
654 2356 695 2418 ad
721 2355 910 2439 exploranda
936 2355 1005 2418 loca
1029 2352 1122 2439 profi-

104 2446 237 2510 ciscitur.
265 2446 324 2510 hoc
342 2447 425 2510 idem
443 2448 477 2510 fit
495 2471 534 2511 cx
552 2449 661 2512 castris
676 2447 830 2512 Caesaris.
857 2449 988 2511 mittitur
1005 2449 1045 2511 L.
1055 2447 1123 2510 Dc-

105 2541 204 2604 cidius
219 2539 305 2604 Saxa
322 2563 393 2603 cum
408 2543 525 2625 paucis,
544 2542 598 2624 qui
610 2541 670 2605 loci
685 2552 824 2606 naturam
838 2542 1013 2626 perspiciat.
1040 2551 1124 2604 uter·

104 2657 165 2717 que
182 2634 265 2698 idem
284 2634 348 2697 suis
366 2635 534 2698 renuntiat:
553 2633 585 2698 V
602 2635 687 2698 milia
704 2658 854 2720 passuum
872 2635 1014 2719 proxima
1031 2634 1124 2697 inter-

105 2729 214 2792 cedere
236 2728 353 2792 itincris
377 2728 573 2813 campestris,
601 2729 671 2792 indo
699 2730 840 2814 excipere
867 2729 936 2792 loca
961 2750 1072 2812 aspera
1093 2737 1124 2790 ct

105 2832 283 2898 montuosa3
311 2822 364 2904 qui
385 2822 469 2906 prior
490 2823 547 2886 has
574 2823 734 2908 angustias
761 2823 971 2906 occupaverit,
999 2821 1039 2885 ab
1064 2821 1125 2883 hoc

105 2917 225 2978 hostem
243 2916 399 2999 prohiberi
417 2915 493 2979 nihil
511 2938 581 2980 csse
599 2916 725 3001 negotii.
752 2916 928 3000 disputatur
945 2916 977 2978 in
996 2913 1124 2979 consilio
1143 2934 1173 2981 or

106 3009 145 3072 ab
160 3008 283 3071 Petreio
302 3021 394 3090 atquc
408 3008 542 3072 Afranio
556 3020 587 3073 et
600 3021 722 3094 tempus
740 3008 939 3094 profectionis
958 3007 1124 3091 quaeritur.

106 3101 243 3186 plerique
262 3102 444 3178 censebant,
464 3112 498 3165 ut
515 3114 608 3166 noctu
626 3102 683 3166 iter
701 3103 851 3166 facerent:
870 3125 963 3187 posse
981 3101 1067 3186 prius
1086 3101 1126 3164 ad

106 3195 267 3280 augustias
286 3197 392 3272 veniri,
412 3219 505 3279 quam
524 3197 697 3261 sentiretur.
734 3198 794 3272 alii,
814 3198 898 3279 quod
915 3196 1014 3281 pridie
1030 3205 1127 3260 noctu

107 3287 334 3352 conclamatum
357 3302 440 3353 esset
462 3292 492 3353 in
512 3289 657 3356 Caesaris
681 3292 803 3367 castris,
827 3290 1002 3375 argumenti
1024 3310 1127 3353 sume·

107 3382 184 3444 bant
200 3382 268 3445 loco
286 3405 348 3446 non
366 3406 458 3467 posse
477 3384 557 3448 clam
576 3387 661 3449 exiri.
707 3386 911 3449 circumfundi
930 3395 1023 3448 noctu
1041 3383 1127 3466 cqui-

108 3487 208 3538 tatum
227 3474 370 3540 Caesaris
393 3487 485 3560 atque
509 3480 612 3542 omnia
633 3479 703 3542 loca
724 3490 817 3561 atque
839 3479 949 3542 itinera
971 3476 1126 3551 obsidere;

107 3579 320 3650 nocturnaque
338 3571 455 3654 proclia
473 3594 541 3635 csse
564 3573 703 3648 vitanda,
731 3573 814 3653 quod
836 3570 1015 3654 perterritus
1037 3568 1126 3631 miles

108 3663 139 3724 in
158 3661 241 3724 cirili
259 3663 450 3727 dissensione
470 3664 573 3728 timori
592 3666 691 3748 magis
705 3687 799 3747 quam
813 3664 953 3748 religioni
967 3662 1127 3726 consulere

107 3754 274 3818 consuerit.
323 3768 354 3820 at
380 3756 481 3820 lucem
508 3757 639 3820 multum
667 3780 722 3841 pcr
748 3779 781 3820 sc
813 3757 962 3840 pudorem
989 3755 1127 3818 omnium

108 3849 220 3925 oculis,
243 3849 376 3913 multum
395 3852 487 3914 ctiam
506 3851 699 3916 tribunorum
717 3851 849 3913 militum
867 3859 896 3912 et
915 3847 1128 3912 centurionum

108 3943 315 4026 praesentiam
338 3944 462 4021 afferre;
489 3945 602 4027 quibus
625 3945 718 4009 rebus
742 3943 876 4007 coerceri
898 3941 1012 4006 milites
1039 3950 1071 4004 et
1095 3941 1129 4003 in

108 4036 211 4099 officio
231 4038 381 4101 contineri
398 4038 526 4102 soleant.
559 4062 653 4121 quare
672 4038 756 4104 omni
773 4038 891 4102 ratione
909 4059 979 4100 esse
996 4034 1130 4100 interdiu

108 4131 385 4214 perrumpendum:
421 4133 479 4195 etsi
507 4133 611 4214 aliquo
637 4142 765 4216 accepto
796 4131 994 4206 detrimento,
1026 4141 1130 4193 tamen

109 4245 232 4288 summa
249 4226 403 4290 exercitus
423 4226 510 4289 salva
527 4226 644 4303 locum,
672 4249 765 4308 quom
786 4236 907 4310 petant,
935 4225 1004 4310 capi
1025 4245 1129 4309 posse.

107 4317 186 4381 haec
208 4318 304 4382 vincit
324 4319 357 4383 in
380 4320 509 4384 consilio
532 4320 698 4396 sententia,
726 4331 756 4383 et
774 4319 874 4404 prima
895 4318 963 4382 luce
981 4317 1129 4402 postridie

108 4412 300 4476 constituunt
314 4414 476 4497 proficisci.
502 4413 620 4478 Cacsar
632 4414 798 4498 exploratis
813 4412 991 4498 regionibus
1006 4411 1128 4476 albente
1147 4430 1179 4478 68

108 4506 195 4570 caelo
214 4529 321 4569 omncs
340 4506 445 4591 copias
465 4508 573 4571 castris
592 4508 696 4571 educit
713 4529 889 4592 magnoque
902 4506 1032 4569 circuitu
1045 4505 1129 4568 nullo

108 4610 192 4665 certo
206 4600 314 4664 itinere
328 4602 497 4666 exercitum
506 4602 599 4666 ducit.
623 4625 695 4666 nam
710 4623 789 4685 quac
803 4600 912 4666 itinera
925 4600 966 4665 ad
974 4598 1129 4664 Hiberum
