2738 5272
276 726 341 790 404
663 737 913 796 sraueuuuru.

278 859 372 929 legere
390 861 525 929 voluerit,
544 861 713 931 quibusdam
729 858 902 930 compendiis
917 857 1096 913 introductus
1111 856 1247 912 lucidius
1262 874 1323 911 ma·

276 936 366 991 iorum
382 936 458 992 diota
470 939 501 992 in
513 938 592 994 brevi
606 938 753 1009 percipiet.

699 1082 880 1141 Polimata.

330 1196 393 1250 Tac.
409 1197 441 1250 de
454 1204 520 1250 orat.
530 1197 577 1250 21:
595 1195 738 1249 Fecerunt
746 1185 868 1264 [Caesar
881 1199 910 1247 et
918 1191 1036 1260 Brutus]
1051 1196 1080 1246 ct
1093 1191 1231 1246 carmina
1245 1199 1276 1247 et
1292 1193 1320 1245 in

278 1272 468 1328 bibliothecas
490 1273 649 1327 retulerunt
665 1289 724 1326 non
745 1271 845 1324 melius
869 1287 953 1340 quam
971 1268 1085 1336 Cicero,
1110 1269 1166 1323 sod
1191 1269 1321 1335 felicius,

279 1350 346 1420 quia
360 1350 425 1404 illos
439 1348 542 1404 fecisse
556 1349 707 1419 pauciores
721 1348 824 1402 sciunt.
861 1350 966 1401 Sueten.
978 1347 1052 1400 Caes.
1061 1344 1109 1398 56:
1127 1345 1282 1400 Feruntur
1292 1353 1321 1401 ot

279 1442 296 1480 a
306 1443 394 1496 puero
406 1432 435 1481 ct
444 1426 481 1481 ab
492 1425 707 1481 adolescentulo
723 1425 863 1496 quaedam
874 1423 992 1493 scripta,
1010 1427 1042 1476 ut
1051 1423 1154 1476 laudes
1165 1422 1319 1490 Herculis,

279 1501 575 1573 tragoediaOedipus3
587 1519 659 1574 quos
670 1519 766 1556 omnes
777 1501 891 1555 libellos
901 1497 1145 1568 vetuitAugustus
1155 1499 1319 1568 publicari.

279 1581 346 1633 Ibirl.
360 1578 408 1632 56:
425 1577 553 1650 Reliquit
567 1585 596 1634 ct
610 1580 644 1634 de
659 1578 794 1649 analogia
808 1578 879 1631 duos
894 1576 982 1630 libros
996 1581 1025 1630 ct
1039 1575 1238 1631 Anticatones
1253 1577 1321 1630 toti-

281 1657 344 1710 dem
362 1673 397 1710 ac
415 1662 564 1726 praeterea
577 1657 693 1726 pcdma,
713 1655 789 1726 quod
803 1653 966 1708 inscribitur
983 1651 1045 1706 iter.
1080 1667 1211 1722 quorum
1230 1653 1321 1707 libro·

280 1749 342 1785 rum
359 1731 464 1801 primos
483 1733 512 1787 in
531 1732 652 1787 transitu
665 1730 780 1801 Alpium
793 1762 835 1796 -,
855 1734 1007 1800 soquentes
1025 1729 1078 1782 sub
1098 1734 1220 1797 tempus
1235 1727 1321 1783 blun-

281 1808 378 1862 densis
400 1809 502 1880 proelii
524 1809 606 1874 fecit,
630 1807 826 1875 novissimum,
850 1807 915 1860 dum
937 1805 974 1861 ab
997 1805 1068 1860 urbe
1092 1804 1121 1858 in
1138 1802 1320 1876 Hispaniam

281 1884 444 1940 ulteriorem
454 1891 554 1957 quarto
565 1893 595 1942 et
604 1883 736 1940 vicesimo
747 1884 792 1938 dio
803 1882 938 1955 pervenit

331 1974 438 2026 steron.
448 1974 490 2026 vit.
502 1973 602 2026 Terent.
612 1970 642 2025 5:
661 1969 691 2025 C.
703 1969 820 2024 Caesar:

386 2057 445 2110 ‘Tu
456 2074 582 2128 quoque,
599 2055 669 2110 tuin
679 2055 807 2124 summis,
826 2052 998 2109 odimidiate
1008 2051 1181 2122 Menander,

396 2132 677 2197 l’oncrisctmerito,
695 2131 760 2202 puri
770 2131 906 2187 sermonis
915 2135 1033 2185 amator.

397 2209 525 2263 Lenibus
535 2215 620 2279 atque
630 2207 737 2263 utinam
748 2209 859 2278 scriptis
869 2208 1004 2262 adiuncta
1012 2206 1088 2261 foret
1097 2205 1141 2260 vis

400 2284 530 2353 uomica,
549 2292 581 2339 ut
590 2291 712 2355 aequato
723 2284 810 2338 virtus
820 2284 1058 2354 pollerethonoro

398 2360 467 2414 Cum
479 2360 596 2415 Graecis
606 2377 698 2431 neque
708 2360 737 2414 in
746 2362 800 2415 bac
811 2361 962 2431 despectus
972 2365 1051 2430 parte
1062 2358 1185 2413 iaceres.

398 2437 693 2492 Unumhocmacoror
703 2443 731 2491 et
741 2439 824 2492 doleo
835 2437 888 2491 tibi
898 2438 1011 2505 deesse,
1031 2436 1168 2490 'Ferenti’

335 2524 404 2576 Ptin.
419 2524 474 2576 bist.
489 2531 542 2575 aot
551 2521 632 2577 XIX.
647 2524 672 2586 8,
687 2523 749 2575 144:
769 2522 828 2577 Nec
842 2541 901 2577 non
915 2524 977 2575 olus
993 2538 1105 2593 quoquc
1121 2521 1263 2577 silvestre
1277 2528 1320 2576 est

283 2598 367 2652 trium
381 2598 513 2653 foliorum
526 2600 592 2652 Divi
607 2599 672 2654 Iulii
687 2599 857 2654 carminibus
874 2599 1028 2668 praecipue
1042 2597 1173 2667 iocisque
1190 2598 1320 2653 militari·

285 2676 338 2729 bus
353 2676 533 2729 celebratum.
569 2676 686 2729 alternis
701 2676 804 2746 quippe
819 2675 949 2730 versibus
963 2674 1174 2744 exprobravere
1196 2676 1321 2745 lapsana

285 2769 315 2806 sc
339 2751 441 2806 vixisse
465 2753 540 2820 apud
558 2752 767 2821 Dyrrhachium
790 2752 977 2822 praemiorum
999 2750 1208 2820 parsimoniam
1233 2751 1320 2807 caril-

285 2829 385 2884 lantes.
421 2833 466 2883 est
474 2834 569 2883 autem
578 2828 607 2880 id
618 2844 699 2897 cyme.
710 2829 846 2884 silvestris
857 2828 904 2901 (cf.
915 2830 989 2882 Caes.
1001 2829 1022 2880 b.
1033 2845 1054 2880 c.
1064 2826 1118 2880 ΠΙ.
1127 2826 1175 2880 48)

1162 2869 1187 2898 ΙΙ

720 2973 873 3032 Incerta.

338 3085 444 3145 Quintil.
458 3084 480 3136 Ι.
495 3083 520 3151 5,
536 3085 582 3138 63:
600 3084 670 3137 blihi
684 3085 780 3153 placet
792 3083 923 3138 Latinam
941 3083 1080 3138 rationem
1093 3083 1192 3154 sequi,
1215 3102 1319 3157 quous-

287 3177 342 3229 que
360 3160 467 3230 patitur
486 3161 581 3216 decor.
622 3177 715 3230 noque
738 3160 884 3215 onimium
903 3160 1120 3230 ‘Calypsonem'
1144 3162 1270 3216 dixerim
1288 3169 1320 3215 ut

285 3238 436 3304 lunonem,
457 3253 625 3306 quamquam
645 3243 759 3290 secutus
777 3237 910 3308 antiquos
926 3234 956 3291 C.
971 3237 1077 3292 Caesar
1094 3238 1186 3291 utitur
1202 3239 1259 3293 hao
1276 3256 1319 3292 ra·

285 3313 363 3367 tionc
375 3311 545 3366 declinandi.
580 3313 647 3365 lbirl.
658 3312 678 3366 l.
689 3313 772 3381 7,21;
790 3313 949 3384 ‘Optimus,
968 3314 1126 3382 marimus',
1145 3320 1178 3368 ut
1194 3315 1318 3371 mediam

285 3389 295 3442 i
309 3389 444 3455 litteram,
464 3406 537 3458 quae
552 3389 696 3443 veteribus
710 3407 728 3442 u
743 3390 849 3459 suerat,
868 3392 1044 3460 acciperent,
1063 3388 1093 3442 Ο.
1108 3389 1236 3456 primurn
1250 3392 1317 3445 Cac-

286 3465 358 3519 saris
376 3464 558 3535 inscriptione
576 3465 698 3519 traditur
715 3465 829 3520 factum.
874 3470 928 3522 Vel.
943 3468 1026 3535 Lonp.
1043 3483 1072 3535 p.
1086 3465 1156 3518 2228
1170 3467 1219 3519 R:
1238 3466 1318 3520 Anti-

287 3541 350 3613 quis
369 3541 446 3595 varie
466 3541 653 3610 scriptitatum
672 3547 715 3596 est
733 3544 938 3613 ‘mancupium,
956 3543 1119 3611 aucupium,
1139 3543 1318 3609 manubiae‘‚

287 3618 425 3688 siquidem
445 3619 475 3671 C.
494 3617 600 3672 Caesar
617 3635 669 3687 per
685 3617 696 3670 i
714 3618 839 3688 scripsit,
863 3626 894 3673 ut
911 3626 1032 3689 apparet
1054 3635 1088 3671 ex
1105 3617 1200 3672 titulis
1220 3618 1318 3690 ipsius.

289 3695 358 3748 Geli.
372 3693 435 3748 vll.
451 3695 480 3747 9:
499 3694 536 3746 ll.
550 3695 660 3747 Tullius
675 3700 704 3748 et
717 3695 747 3748 C.
762 3695 867 3749 Caesar
881 3697 1010 3750 ‘mordeo
1025 3694 1183 3760 memordi',
1205 3698 1317 3767 ‘pungo

286 3769 414 3841 pepugi',
434 3772 576 3839 ‘spondeo
587 3771 738 3840 spopondi'
752 3771 890 3825 dixerunt.
926 3773 1045 3826 Diomed.
1056 3789 1082 3841 p.
1093 3770 1145 3823 365
1155 3772 1201 3824 P.:
1219 3773 1319 3828 Cicero

288 3863 436 3901 causarum
453 3847 534 3900 Xlll:
558 3850 602 3900 ‘re
621 3847 747 3914 vendita,
771 3849 871 3903 iterum
892 3850 1006 3917 empta'.
1041 3848 1116 3901 unde
1135 3848 1318 3904 manifestum

287 3922 320 3976 srt
343 3923 463 3977 ‘venito‘
487 3939 544 3976 non
563 3922 631 3990 dici,
661 3924 780 3978 sedant
801 3926 996 3980 ‘verrumdata‘
1018 3931 1068 3980 ant
1091 3924 1249 3980 ‘vendita'.
1288 3932 1320 3979 ut

288 4000 386 4053 Cicero
401 4001 431 4052 C.
445 3999 561 4054 Caesar:
584 3999 799 4054 ‘Possessiones
818 4001 930 4069 redimi,
954 4017 1003 4055 eas
1021 4005 1122 4070 postea
1140 4000 1237 4070 pluris
1256 4020 1319 4057 ren·

287 4077 381 4129 ditas’.
417 4078 512 4129 Isirlor.
532 4077 613 4145 oripp.
633 4076 681 4132 IV.
700 4077 746 4145 12,
766 4078 782 4130 7
789 4097 796 4131 :
818 4078 974 4146 Unguenta
993 4078 1126 4131 dicuntur
1144 4093 1163 4131 a
1181 4078 1273 4147 locis,
1291 4086 1321 4132 ut

288 4151 433 4221 Teliuum,
452 4152 531 4206 cuius
545 4152 633 4205 lulius
648 4153 753 4207 Caesar
766 4154 891 4207 meminit
906 4154 1016 4208 dicens:
1036 4156 1222 4224 ‘Corpusque
1243 4156 1320 4210 suari

288 4229 391 4283 'l'clino
406 4229 558 4297 ungimus'.
594 4230 700 4283 Nonius
714 4248 741 4299 p.
757 4232 806 4284 lua
816 4237 865 4284 lll.:
885 4230 988 4284 ‘cinis'
1002 4230 1137 4284 feminino
1154 4233 1238 4300 apud
1253 4233 1320 4287 cre-

289 4322 379 4358 sarem
399 4311 428 4359 et
442 4305 570 4359 Catulum
585 4312 613 4359 et
628 4306 743 4359 Calvum
760 4308 863 4362 lectum
879 4313 936 4374 est,
957 4324 1074 4376 quorum
1089 4307 1212 4363 vacillat
1225 4315 1320 4364 aucto

288 4381 366 4434 ritas.
404 4382 489 4451 Caper
502 4399 529 4451 p.
542 4381 611 4435 2244
624 4382 668 4435 P.:
689 4383 819 4436 ‘Lutum’
838 4389 923 4453 atque
938 4384 1112 4438 ‘macellum'
1132 4384 1321 4454 singulariter

289 4458 364 4512 cairo
374 4464 523 4527 memento,
539 4458 758 4514 lieetblemmius
769 4460 837 4514 ‘ista
845 4458 977 4514 macella'
988 4460 1064 4516 dicat
1073 4460 1218 4517 etCucsar
1228 4462 1321 4518 ‘luta'.
