2692 5206
479 809 598 866 couu.
616 811 668 866 ιιι
687 812 823 868 ata-101.
1018 846 1021 857 .
1100 798 1162 865 281

109 936 226 1001 *enit
242 936 414 1019 eademque
431 934 563 1012 ratione,
590 955 654 1018 qua
674 934 792 1000 factum
814 960 834 1000 a
850 935 975 1001 Libone
997 945 1090 1002 antea
1110 937 1166 1002 de·

122 1030 393 1106 tnonstravimus,
411 1028 546 1093 insulam
563 1026 716 1092 obiectam
730 1030 832 1115 portui
846 1028 1038 1095 Brundisino
1055 1032 1163 1096 tenuit.

127 1123 283 1189 siniliter
295 1123 452 1200 Vatinius,
470 1122 525 1206 qui
536 1122 705 1186 Brundisio
718 1134 868 1208 praeerat,
887 1123 976 1188 tectis
990 1124 1164 1189 instructis·

129 1240 203 1302 (que
220 1218 347 1304 scaphis
365 1216 471 1281 clicuit
488 1238 585 1281 naves
603 1216 772 1282 Laelianas
794 1227 888 1300 atque
911 1239 951 1281 ex
972 1217 1021 1283 bis
1039 1218 1164 1305 longius

129 1313 324 1398 productam
346 1333 441 1375 unam
462 1311 718 1395 quinqueremem
740 1320 769 1375 et
792 1312 927 1376 minores
949 1310 1028 1376 duas
1055 1312 1088 1376 in
1109 1335 1165 1376 an-

132 1408 254 1495 gustiis
270 1415 380 1492 portus
398 1405 493 1490 cepit,
521 1405 657 1488 itemque
679 1426 735 1490 per
752 1406 881 1489 equites<
894 1406 1061 1491 dispositos
1083 1428 1166 1490 aqua

132 1499 306 1588 probibere
328 1499 503 1565 classiarios
525 1500 667 1564 instituit.
704 1500 761 1564 sed
777 1500 908 1565 Laelius
931 1510 1070 1586 ternpore
1092 1501 1165 1566 anni

134 1595 352 1661 commodiore
372 1617 447 1658 usus
473 1593 514 1657 ad
537 1593 748 1679 navigandum
771 1594 918 1659 onerariis
936 1594 1068 1660 navibus
1086 1592 1165 1660 Cor-

134 1711 215 1774 cyra
222 1687 483 1772 Dyrrhachioque
496 1708 610 1770 aquam
624 1687 689 1752 suis
699 1686 901 1772 supportabat
909 1709 1010 1772 neque
1022 1711 1042 1753 a
1054 1710 1166 1773 propo-

133 1784 201 1848 sito
219 1781 432 1847 deterrebatur
448 1802 549 1889 neque
568 1791 639 1845 ante
656 1782 830 1866 proelium
821 1805 855 1846 ιιι
868 1781 1034 1847 Thessalia
1045 1782 1165 1847 factum

136 1877 304 1963 cognitum
326 1886 379 1939 aut
400 1875 571 1983 ignominia
592 1875 778 1939 amissarum
800 1875 927 1940 navium
950 1885 1005 1961 aut
1021 1897 1166 1941 necessa·

132 1970 258 2035 riarum
283 1991 386 2033 rerum
411 1969 516 2053 inopia
542 1991 581 2033 ex
606 1986 698 2053 portu
724 1969 888 2054 insulaque
914 1947 1028 2055 expelli
1052 1970 1163 2056 potuit.

132 2065 243 2130 isdem
267 2062 333 2128 fere
360 2061 551 2148 temporibus
574 2061 707 2128 Cassius
733 2086 804 2128 cum
831 2064 932 2130 classe
956 2062 1109 2150 Syromm
1135 2073 1166 2128 et
1185 2084 1230 2131 101

132 2157 337 2223 Phoenicum
362 2168 393 2221 et
420 2156 589 2222 Cilicum
580 2181 614 2221 m
637 2155 777 2223 Siciliam
803 2158 901 2236 venit,
928 2167 1057 2223 etcum
1083 2167 1167 2225 esset

136 2250 291 2318 Caesaris
317 2250 425 2316 classis
452 2251 553 2315 divisa
583 2251 615 2314 in
646 2252 724 2316 duas
756 2262 874 2337 partes,
910 2252 1056 2318 dimidiae
1085 2253 1166 2338 parti

132 2353 303 2432 praeesset
323 2344 361 2408 P.
386 2342 544 2429 Sulpicius
565 2355 690 2430 praetor
711 2344 835 2412 Vibone
857 2346 898 2411 ad
919 2346 1049 2424 fretum,
1075 2346 1166 2411 dimi-

133 2440 212 2505 diae
241 2437 291 2502 M.
316 2436 509 2522 Pomponius
541 2440 582 2502 ad
610 2438 808 2516 Messanam,
844 2441 931 2525 prius
963 2438 1095 2506 Cassius
1126 2441 1167 2504 ad

133 2533 327 2600 Messanam
348 2532 480 2597 navibus
503 2532 674 2610 advolavit,
702 2556 796 2617 qnam
816 2532 1011 2619 Pomponius
1033 2535 1073 2599 de
1099 2534 1166 2598 eius

135 2628 281 2694 adventu
304 2637 519 2711 cognosceret,
546 2627 824 2711 perturbatumque
846 2649 918 2692 eum
939 2636 1050 2692 nactus
1073 2626 1166 2691 nullis

134 2721 294 2788 custodiis
311 2743 412 2805 neque
430 2720 590 2786 ordinibus
613 2720 705 2785 certis
726 2743 842 2806 magno
863 2732 958 2785 vento
975 2730 1007 2784 et
1028 2720 1166 2784 secundo

134 2814 315 2901 completas
342 2816 497 2880 onerarias
523 2837 620 2879 naves
647 2815 739 2879 taeda
765 2825 795 2879 et
825 2814 895 2899 pice
921 2823 952 2878 et
978 2823 1071 2899 stupa
1094 2813 1167 2877 reli-

134 2910 278 2995 quisque
294 2907 402 2985 rebus,
429 2919 600 2993 quaesunt
621 2909 662 2972 ad
683 2908 840 2986 incendia,
866 2909 899 2972 in
917 2907 1168 2993 Pomponianam

136 3004 279 3070 classem
314 3002 443 3067 immisit
474 3013 567 3086 atque
594 3024 702 3067 omnes
729 3024 825 3067 naves
852 3001 989 3067 incendit
1014 2999 1166 3079 XXXV,

136 3121 157 3163 e
175 3096 296 3182 quibus
314 3113 401 3161 erant
417 3095 491 3160 XX
509 3106 694 3161 constratae.
735 3106 902 3180 tantusque
920 3119 958 3161 eo
975 3097 1059 3162 facto
1077 3095 1168 3160 timor

135 3190 286 3268 incessit,
305 3198 353 3267 ut,
371 3213 444 3255 cum
461 3200 545 3256 essct
561 3190 644 3276 legio
661 3191 817 3275 praesidio
835 3190 1018 3269 Messanae,
1041 3190 1095 3255 vix
1112 3213 1168 3275 op-

136 3285 255 3372 pidum
284 3283 515 3362 defenderetur,
551 3294 582 3348 et
612 3284 673 3348 nisi
704 3308 742 3349 eo
773 3285 843 3370 ipso
872 3295 1012 3370 tempore
1041 3283 1168 3368 quidam

139 3377 245 3443 nuntii
267 3377 307 3442 de
329 3376 475 3443 Caesaris
497 3377 626 3441 victoria
647 3400 703 3462 per
724 3378 894 3463 dispositos
921 3380 1041 3464 equites
1063 3387 1169 3443 essent

140 3472 245 3550 allati,
273 3470 490 3537 existimabant
514 3471 653 3556 plerique
680 3471 819 3536 futurum
841 3472 954 3551 fuisse,
981 3473 1026 3537 uti
1048 3473 1169 3536 amitte·

141 3578 239 3632 retur.
284 3566 342 3630 sed
369 3567 631 3651 opportunissime
660 3567 778 3631 nuntiis
809 3567 911 3631 allatis
942 3566 1091 3651 oppidum
1121 3576 1169 3630 est

144 3660 325 3737 defensum
349 3657 542 3743 Cassiusque
560 3660 601 3724 ad
620 3657 833 3745 Sulpicianam
851 3661 923 3724 inde
945 3660 1078 3724 classem
1099 3681 1170 3744 pro·

145 3753 248 3819 fectus
266 3763 315 3818 est
332 3752 487 3818 Vibonem
510 3753 735 3838 applicatisque
757 3755 871 3819 nostris
890 3753 931 3817 ad
953 3766 1066 3817 terram
1082 3752 1169 3817 navi-

147 3845 206 3913 bus
230 3844 372 3934 [propter
392 3848 526 3912 eundem
548 3845 704 3933 timorem]
732 3848 799 3932 pari
821 3858 914 3931 atquc
939 3857 1030 3912 antea
1050 3845 1169 3910 ratione

150 3941 323 4007 secundum
343 3952 454 4006 nactus
476 3951 603 4007 ventum
626 3941 781 4006 onerarias
804 3964 900 4007 naves
929 3938 1064 4026 [circiter
1084 3936 1168 4023 XL]

151 4045 347 4122 praeparatas
372 4037 414 4101 ad
438 4036 615 4100 incendium
641 4035 783 4112 immisit,
812 4046 843 4100 ct
867 4035 994 4099 flamma
1019 4032 1059 4098 ab
1086 4043 1170 4097 utro-

150 4150 208 4212 que
238 4151 337 4195 comu
367 4151 552 4215 comprensa
581 4152 677 4195 naves
709 4140 781 4193 sunt
811 4128 992 4193 combustae
1022 4126 1168 4212 quinque.

150 4243 283 4307 cumque
304 4223 387 4308 ignis
409 4223 622 4310 magnitudine
645 4223 730 4288 vcnti
751 4222 844 4286 latius
867 4231 1018 4307 serperet,
1045 4220 1169 4296 milites,

109 4338 113 4347 ·
150 4316 260 4399 quiex
277 4316 434 4382 veteribus
451 4316 626 4403 legionibus
645 4326 732 4381 crant
749 4316 847 4380 relicti
864 4315 1019 4400 praesidio
1036 4313 1169 4381 navibus

151 4430 189 4474 ex
204 4433 336 4477 numero
353 4434 532 4498 aegrorum,
559 4410 761 4497 ignominiam
779 4432 842 4473 non
864 4409 1012 4486 tulerunt,
1039 4408 1096 4474 sed
1113 4430 1174 4473 sua

150 4518 260 4589 sponte
277 4528 374 4571 nares
393 4506 637 4571 conscenderunt
651 4514 682 4569 ct
695 4528 714 4568 a
727 4516 807 4568 terra
821 4503 979 4568 solverunt
991 4504 1171 4588 Mpetuque
