2692 5206
404 816 522 874 contu.
541 817 620 874 VIII.
637 818 721 872 3-7.
1014 804 1073 869 15'l

52 945 175 1011 Caesar
199 952 397 1028 erumpentes
424 965 462 1008 eo
483 941 619 1006 maxime
646 951 784 1027 tempore
810 942 975 1007 acerrimas
998 952 1076 1005 tem·

51 1050 191 1127 pestates
213 1060 287 1103 cum
310 1037 413 1102 subire
437 1037 549 1101 milites
571 1036 680 1114 nollet,
706 1038 740 1101 in
762 1036 877 1122 oppido
900 1035 1075 1104 Camutum

55 1132 186 1200 Cenabo
217 1141 321 1197 castra
352 1131 439 1216 ponit
469 1142 562 1214 atque
592 1130 624 1193 in
651 1140 732 1194 tecta
762 1131 874 1215 partim
902 1128 1074 1209 Gallorum,

55 1227 168 1313 partim
183 1247 265 1309 qnae
283 1225 431 1290 coniectis
454 1223 594 1289 celeriter
611 1224 787 1288 stramentis
810 1224 1010 1290 tentoriorum
1028 1227 1076 1290 in-

59 1321 260 1409 tegendorum
285 1319 387 1406 gratia
413 1327 500 1383 erant
526 1317 735 1393 inaedificata,
766 1316 879 1382 milites
911 1321 1074 1406 compegit.

62 1414 175 1498 equites
192 1423 297 1477 tamen
315 1422 347 1476 et
363 1411 541 1476 auxiliarios
555 1412 674 1496 pedites
688 1411 720 1474 in
734 1433 841 1474 omnes
855 1423 959 1495 partes
972 1414 1074 1489 mittit,

65 1528 268 1590 quascumque
284 1505 401 1590 petisse
420 1504 602 1569 dicebantur
618 1504 740 1581 hostes3
767 1526 824 1568 nec
846 1504 976 1570 frustra:
1002 1529 1075 1571 nam

68 1599 237 1685 plemmque
258 1622 373 1685 magna
394 1599 510 1684 praeda
536 1598 625 1682 potiti
650 1598 748 1662 nostri
772 1608 977 1663 revertuntur.
1021 1622 1077 1684 op-

71 1693 157 1777 pressi
175 1692 330 1758 Carnutes
347 1692 459 1756 biemis
477 1691 675 1768 difficultate,
703 1702 817 1755 terrore
836 1692 977 1776 periculi,
1004 1713 1076 1756 cum

74 1787 148 1850 tectis
168 1786 290 1871 expulsi
312 1785 397 1850 nullo
417 1785 487 1850 loeo
509 1785 625 1848 diutius
653 1784 822 1848 consistere
849 1784 998 1849 auderent
1018 1808 1078 1850 nec

78 1878 203 1943 alvarum
220 1878 376 1966 praesidi0
394 1877 631 1964 tempestatibus
654 1878 828 1942 durissimis
851 1879 915 1964 tegi
935 1891 1075 1964 possent,

80 1972 188 2058 dispersi
205 1996 321 2059 magna
338 1983 424 2057 parte
442 1974 558 2037 amissa
577 1995 705 2036 suonam
723 1973 913 2056 dissipantur
933 1974 967 2037 in
983 1973 1077 2038 finiti-

10 2142 12 2151 Ι
80 2086 133 2130 mas
147 2067 291 2132 civitates.
320 2065 439 2131 Caesar
456 2078 594 2151 tempore
613 2066 685 2130 anni
703 2066 895 2144 difficillimo,
914 2089 986 2131 cnm
1000 2069 1076 2133 satis
1095 2088 1109 2135 o

10 2196 12 2203 ·
81 2157 183 2225 habaet
203 2161 423 2227 convenientes
445 2184 557 2225 manus
586 2160 752 2245 dissipare,
780 2183 819 2224 nc
845 2162 928 2244 qnod
954 2162 1077 2225 initium

82 2249 137 2317 belli
150 2265 332 2331 nasceretur,
350 2266 563 2338 quantumque
581 2253 615 2316 in
631 2254 750 2318 ratione
768 2264 862 2332 esset,
881 2254 1076 2341 exploratum

10 2390 13 2445 ἶ
82 2342 184 2413 baberet
203 2348 264 2413 sub
287 2359 411 2434 tempus
433 2349 622 2413 aestivorum
640 2347 761 2412 nullum
783 2371 941 2413 summum
959 2349 1076 2414 bellum

10 2474 12 2499 ι
81 2458 154 2522 posse
167 2442 303 2519 conflari,
323 2439 440 2507 Gaium
453 2440 644 2506 Trebonium
663 2463 736 2505 cunr
749 2442 871 2507 duabus
889 2443 1075 2529 legionibus,

80 2552 141 2614 quus
155 2557 258 2600 secum
279 2535 428 2613 habebat,
452 2536 485 2599 in
502 2535 640 2601 hibernis
660 2534 780 2599 Cenabi
798 2535 975 2613 collocavit3
997 2536 1075 2621 ipsc,

10 2622 12 2627 ¹
79 2646 136 2692 cum
157 2629 270 2695 crebris
296 2630 504 2715 legationibus
526 2629 699 2694 Remorum
726 2629 836 2693 certior
861 2630 948 2695 fieret
973 2631 1078 2694 Bello-

76 2741 165 2800 saeos,
189 2724 243 2807 qui
266 2722 340 2787 belli
362 2723 461 2809 gloria
479 2721 589 2789 Gallos
612 2746 719 2787 omnes
738 2722 918 2808 Belgasque
940 2734 1078 2807 praesta-

17 2850 25 2859 ·
75 2810 147 2893 bant,
169 2816 378 2901 finitimasque
396 2818 445 2882 his
463 2818 604 2883 civitates
627 2818 706 2880 duce
725 2815 843 2880 Correo
860 2816 1029 2881 Bellovaco
1047 2830 1078 2880 et

74 2902 203 2975 Commio
227 2909 380 2976 Atrebate
407 2911 561 2975 exercitus
588 2932 768 2994 comparare
796 2919 890 2992 atque
916 2910 949 2973 in
979 2932 1077 2973 unum

71 2998 159 3069 locum
175 3026 302 3091 eogere,
330 3015 364 3068 ut
386 3006 470 3069 omni
492 3005 690 3068 multitudine
707 3004 740 3067 in
761 3004 839 3069 fines
860 3002 1076 3079 Suessionum,

70 3096 116 3178 qui
127 3097 235 3164 Remis
257 3109 346 3164 crant
367 3099 520 3176 attributi,
547 3099 686 3163 lacerent
707 3098 958 3183 impressi0nem,
985 3098 1079 3184 perti-

67 3212 131 3256 nere
146 3202 251 3257 autem
268 3215 333 3258 non
350 3204 471 3258 tantum
489 3194 529 3258 ad
547 3194 739 3279 dignitatem,
759 3194 814 3258 sed
830 3194 977 3258 etiamad
995 3192 1078 3257 salu-

67 3294 121 3350 tem
136 3310 227 3352 suam
244 3288 395 3352 indicaret
412 3288 530 3352 nullam
553 3287 760 3352 calamitatem
784 3289 886 3353 socios
905 3288 1021 3374 optime
1038 3288 1078 3351 de

10 3450 12 3455 ,
64 3379 214 3465 republica
236 3382 363 3446 meritos
385 3382 539 3467 accipere,
566 3382 722 3468 legionem
744 3404 784 3446 ex
809 3381 946 3446 hibernis
969 3392 1079 3447 evocat
1190 3442 1193 3448 .

10 3512 12 3541 ;
63 3494 162 3540 rursus
176 3474 384 3552 undecimam,
401 3476 519 3540 litteras
533 3484 638 3539 autern
651 3476 692 3539 ad
702 3473 818 3540 Gaium
827 3475 962 3540 Fabium
976 3475 1077 3550 mittit,

10 3558 12 3633 Ϊ
63 3577 93 3631 nt
105 3568 138 3633 in
148 3568 230 3633 fines
245 3566 451 3634 Suessionum
466 3570 605 3655 legiones
619 3570 707 3647 duas,
727 3591 804 3652 quas
818 3568 962 3644 habebat,
981 3564 1098 3632 addu-'

10 3654 12 3747 f
62 3672 150 3741 aeret,
178 3662 370 3747 alteramque
396 3685 436 3727 ex
461 3663 583 3728 duabus
610 3662 650 3727 ab
672 3663 816 3727 Labieno
843 3663 980 3727 arcessit.
1025 3662 1077 3738 its,

62 3767 206 3837 qnantum
223 3754 426 3821 hibernorum
448 3757 664 3841 opportunitas
686 3755 822 3839 bellique
844 3757 922 3820 ratio
940 3755 1079 3840 postula-

10 3876 12 3885 ·
62 3844 116 3927 lu,
131 3859 288 3936 perpetuo
306 3872 364 3915 suo
377 3849 482 3915 labore
496 3850 528 3913 in
541 3850 643 3914 vicem
656 3849 832 3935 legionibus
847 3850 1078 3934 expeditionum

62 3960 132 4009 uuus
148 3942 346 4029 iniungebat
390 3943 439 4008 his
463 3944 560 4029 copiis
584 3944 700 4008 coactis
718 3945 760 4007 ad
777 3943 963 4007 Bellovacos
986 3942 1080 4027 profi·
1098 3962 1112 4008 t

62 4034 182 4103 dudan
197 4037 373 4121 castrisque
391 4036 423 4101 iu
436 4060 543 4102 eorum
556 4037 671 4101 finibus
685 4037 795 4122 positis
809 4037 947 4120 equitum
961 4046 1079 4100 turmas

61 4127 182 4196 tmittit
197 4130 234 4195 in
250 4153 360 4195 omncs
377 4143 481 4217 partes
495 4131 536 4195 ad
550 4131 670 4215 aliquos
684 4131 894 4216 excipiendos,
914 4130 1079 4214 exquibus

60 4218 193 4291 bestium
215 4224 348 4290 consilia
369 4236 581 4311 cognosceret.
630 4224 749 4308 equites
777 4224 881 4289 officio
908 4224 1008 4289 functi
1032 4247 1081 4290 re-

61 4320 198 4385 nuntiant
213 4342 335 4406 paucos
353 4320 385 4384 in
403 4320 551 4384 aedificiis
570 4342 639 4384 csse
652 4320 804 4396 inventos,
824 4330 916 4402 atque
930 4319 998 4396 hos,
1017 4344 1080 4385 non

61 4412 108 4495 qui
123 4436 275 4502 agrorum
288 4413 489 4479 colendorum
503 4437 599 4478 causa
611 4413 834 4478 remansissent
848 4411 996 4497 (natuque
1010 4436 1080 4479 esse

61 4508 193 4595 amiqua
210 4509 377 4596 diligenter
394 4509 626 4596 demigratum),
645 4509 701 4573 scd
719 4508 772 4592 qui
791 4509 971 4595 speculandi
985 4531 1080 4574 eausa

61 4616 159 4673 mast
175 4605 312 4672 remissi.
356 4605 505 4690 aquibus
524 4628 595 4670 cum
613 4616 774 4688 quaereret
789 4602 916 4682 Caesar,
935 4625 996 4689 quo
1009 4603 1080 4669 loco
