2692 5206
472 822 590 880 COMM.
609 824 647 880 ll.
666 826 748 879 1-4.
1078 813 1120 877 29

89 951 185 1015 omni
203 957 315 1034 pacata
337 944 441 1013 Gellia
463 948 503 1012 ad
524 970 579 1013 eos
601 950 755 1014 exereitus
777 959 882 1015 noster
902 950 1120 1026 adducerctnr3

90 1044 228 1121 deinde,
255 1042 340 1126 quod
362 1041 403 1106 ab
428 1043 584 1107 nonnullis
608 1040 709 1108 Gallis
732 1044 980 1122 sollicitarentur,
1007 1045 1119 1129 partim

91 1139 169 1223 qui,
192 1149 228 1202 ut
246 1134 422 1202 Germanos
439 1136 555 1201 diutius
573 1136 606 1200 in
624 1136 729 1202 Gallia
745 1138 863 1202 versari
878 1137 1053 1216 noluerant,
1077 1138 1121 1202 ita

94 1231 210 1318 populi
227 1230 363 1296 Romani
384 1231 553 1295 exercitum
575 1230 712 1295 hicmare
735 1240 827 1314 atque
849 1231 1072 1297 inveterascere
1089 1232 1122 1295 in

96 1325 208 1392 Gallia
224 1325 355 1389 moleste
372 1324 527 1401 ferebant,
550 1325 663 1409 partim
685 1326 739 1408 qui
761 1324 932 1389 mobilitate
949 1336 980 1390 et
996 1325 1121 1390 levitate

96 1420 198 1485 animi
214 1419 304 1483 novis
321 1419 459 1504 imperiis
478 1417 659 1495 studebant,
678 1418 718 1483 ab
736 1419 893 1484 nonnullis
911 1420 1018 1497 ctiam,
1036 1419 1121 1503 quod

97 1516 133 1579 in
157 1511 262 1579 Gallia
282 1535 303 1578 a
324 1511 547 1597 potentioribus
570 1524 663 1596 atquc
685 1513 737 1589 iis,
764 1513 819 1596 qui
840 1512 880 1576 ad
902 1514 1119 1578 conducendos

98 1608 244 1673 homines
261 1606 426 1672 facultates
443 1606 614 1683 habebant,
642 1606 738 1693 vulgo
761 1629 859 1693 regna
880 1605 1121 1693 occupabantur,
1143 1671 1145 1676 ,

98 1703 156 1786 qui
169 1702 272 1766 minus
285 1700 377 1765 facile
390 1723 459 1765 cam
468 1723 534 1765 rem
548 1701 678 1786 irnperio
688 1712 795 1766 nostro
809 1701 958 1783 consequi
971 1710 1122 1785 poterant.

100 1796 153 1860 liis
170 1796 285 1861 nuntiis
303 1796 474 1878 litterisque
497 1805 672 1861 commotus
692 1794 811 1861 Cacsar
833 1796 912 1860 duas
934 1796 1073 1881 legiones
1091 1795 1157 1861 ina

99 1890 243 1955 citeriore
265 1887 370 1955 Gallia
391 1912 489 1955 novas
512 1891 696 1976 conscripsit
717 1905 748 1954 et
770 1891 846 1954 inita
862 1900 994 1967 aestate,
1020 1890 1053 1953 in
1077 1890 1125 1953 in-

100 1984 248 2049 teriorem
262 1982 398 2049 Galliam
411 1984 465 2067 qui
477 1985 653 2061 deduceret,
673 1984 825 2067 Quintum
839 1984 971 2049 Pedium
984 1983 1124 2070 legatum

101 2078 201 2142 misit.
249 2077 331 2162 ipse,
362 2099 433 2141 cum
460 2078 596 2162 primum
621 2078 728 2164 pabuli
754 2079 845 2163 eopia
870 2101 939 2143 csse
965 2078 1122 2163 inciperet,

99 2171 143 2237 ad
170 2172 340 2235 exercitum
366 2172 459 2235 venit.
512 2172 566 2235 dat
591 2173 751 2258 negotium
778 2172 956 2238 Senonibus
982 2171 1124 2254 reliquis-

99 2288 164 2350 que
183 2263 297 2342 Gallis,
324 2267 378 2349 qui
399 2266 521 2330 finitimi
543 2266 651 2352 Belgis
670 2278 770 2344 erant,
797 2268 912 2344 utica,
939 2288 1019 2349 quae
1038 2266 1122 2351 apud

100 2382 158 2425 eos
183 2370 344 2446 gerantur,
371 2372 562 2447 cognoscant
588 2383 684 2444 seque
710 2362 748 2425 de
775 2360 823 2426 his
846 2360 939 2425 rebus
962 2360 1124 2425 certiorem

99 2454 228 2519 saciant.
272 2455 305 2519 hi
331 2467 508 2520 constanter
530 2478 639 2521 omnes
662 2458 881 2521 nuntiaverunt
903 2479 1015 2521 manus
1042 2456 1121 2541 cogi,

100 2549 273 2614 exercitum
298 2549 330 2612 in
358 2572 454 2613 unum
475 2550 579 2614 locum
604 2552 745 2615 conduci.
794 2562 860 2614 tum
882 2572 957 2614 vcro
978 2548 1123 2613 dubitan-

100 2643 180 2706 dum
210 2665 274 2707 non
299 2643 501 2719 existimavit,
537 2644 614 2727 quin
640 2645 681 2709 ad
707 2667 760 2709 cos
788 2644 1042 2727 proficisceretur.
1088 2664 1122 2705 re

100 2736 305 2799 frumentaria
331 2749 508 2820 comparata
534 2748 637 2803 castra
666 2749 770 2802 movet
800 2736 973 2818 diebusque
1004 2734 1124 2798 circiter

100 2829 280 2914 quindecim
302 2831 342 2894 ad
364 2830 441 2895 fines
463 2831 634 2918 Belgarum
656 2832 806 2918 pervenit.
851 2853 888 2895 eo
911 2852 984 2893 cum
1006 2830 1044 2892 de
1066 2830 1124 2892 im·
1143 2850 1158 2895 3

100 2923 230 3011 proviso
255 2924 447 3009 celeriusque
473 2927 557 2991 omni
584 2927 729 3011 opinione
755 2925 907 3000 venisset,
940 2923 1045 2999 Remi,
1072 2923 1125 3005 qui

100 3017 238 3103 proximi
257 3016 378 3084 Galliae
401 3042 441 3083 cx
458 3019 568 3106 Belgis
594 3030 681 3097 sunt,
709 3019 749 3083 ad
771 3042 843 3083 eum
865 3019 985 3103 legatos
1007 3015 1126 3080 Iccium

101 3126 136 3177 et
151 3112 457 3190 Andecumborium,
475 3115 593 3198 primos
611 3114 759 3190 civitatis,
782 3113 947 3189 miserunt,
970 3110 1024 3193 qui
1042 3110 1126 3173 dice·

99 3215 171 3271 rent
198 3227 232 3270 se
251 3229 369 3290 suaque
390 3208 495 3272 omnia
516 3208 550 3271 in
571 3208 666 3272 fidem
691 3218 784 3291 atque
810 3207 843 3270 in
863 3214 1048 3291 potestatem
1069 3226 1125 3289 po-

100 3298 171 3385 puli
197 3298 332 3365 Romani
356 3302 549 3386 permittere,
576 3324 677 3386 neque
704 3324 739 3366 sc
765 3324 837 3366 eum
863 3300 972 3386 Belgis
999 3298 1124 3382 reliquis

101 3393 303 3458 consensisse
319 3416 421 3477 neque
442 3405 550 3459 contro
570 3395 721 3480 populum
739 3394 918 3460 Romanum
936 3393 1124 3467 coniurasse,

101 3498 293 3573 paratosque
329 3509 399 3552 esse
435 3498 466 3553 et
500 3489 626 3554 obsides
661 3490 735 3553 dare
771 3498 802 3553 ct
835 3489 985 3572 imperata
1023 3486 1126 3551 facere

103 3594 137 3647 ct
165 3580 291 3666 oppidis
325 3582 463 3667 recipere
494 3594 525 3647 et
556 3583 711 3647 frumento
747 3582 918 3666 ceterisque
952 3579 1045 3644 rebus
1080 3579 1127 3641 iu-

102 3696 192 3753 vare;
223 3675 359 3759 reliquos
381 3698 490 3741 omnes
508 3676 625 3763 Belgas
648 3677 681 3740 in
703 3677 797 3740 armis
820 3697 904 3751 csse,
937 3672 1127 3739 Germanos-

101 3790 180 3853 que,
199 3770 254 3853 qui
271 3770 317 3834 cis
334 3769 480 3835 Rhenum
497 3771 650 3847 incolant,
674 3792 744 3835 sese
762 3793 833 3835 cum
850 3769 899 3833 his
919 3766 1126 3841 coniunxisse,

102 3875 289 3950 tantumque
305 3886 376 3931 esse
393 3888 501 3930 eorum
515 3866 654 3930 omnium
669 3864 816 3942 furorem,
835 3873 869 3928 ut
886 3886 925 3928 nc
941 3860 1127 3927 Suessiones

102 3958 246 4042 quidem,
272 3958 384 4024 tratres
403 3961 714 4046 consanguineosque
738 3982 826 4036 suos,
854 3957 908 4041 qui
930 3955 1039 4020 eodem
1062 3955 1127 4017 iure

105 4063 138 4117 et
154 4052 273 4117 eisdem
289 4053 412 4140 legibus
431 4064 570 4131 utantur,
591 4077 687 4118 unum
705 4054 869 4139 imperium
887 4072 1045 4133 unumque
1062 4073 1129 4113 ma-

103 4146 271 4233 gistratum
283 4168 355 4211 cum
368 4147 445 4233 ipsis
455 4147 601 4225 habeant,
620 4148 774 4212 deterrere
788 4146 953 4233 potuerint,
971 4144 1047 4228 quin
1056 4166 1127 4208 cum

103 4240 155 4305 his
171 4240 392 4305 consentirent.

177 4334 262 4401 Cum
287 4335 328 4400 ab
354 4335 404 4400 his
421 4347 592 4419 quaereret,
610 4358 691 4419 quac
709 4335 864 4410 civitates,
883 4343 1077 4417 quantaeque
1096 4333 1127 4395 in
1145 4352 1161 4398 4

102 4430 202 4495 armis
218 4444 325 4493 essent
342 4440 374 4494 ct
391 4430 466 4513 quid
483 4430 517 4493 in
535 4430 616 4494 bello
634 4440 775 4514 possent,
796 4429 840 4492 sie
858 4426 1044 4512 reperiebat:
1063 4425 1129 4510 ple-

102 4546 220 4608 rosque
237 4524 356 4610 Belgas
378 4546 448 4589 csse
470 4535 554 4589 ortos
576 4524 616 4590 ab
636 4522 802 4590 Germanis
819 4522 1028 4605 Rhenumque
1050 4520 1129 4584 anti·

101 4620 213 4705 quitus
240 4619 398 4685 traductos
425 4630 552 4705 propter
576 4618 638 4683 loci
664 4617 853 4683 fertilitatem
879 4616 923 4682 ibi
949 4614 1128 4680 consedisse
