2738 5272
180 702 245 767 242
521 713 574 768 DE
591 712 718 769 BELLO
737 711 856 772 cutm

180 836 247 902 lieri
265 837 440 915 certiorem,
468 837 514 901 uti
531 837 572 902 ad
588 836 621 902 id
639 837 804 902 consilium
827 856 938 921 capere
959 841 1085 920 posset,
1114 854 1213 921 quam

180 932 219 996 de
237 931 391 995 mandatis
410 931 472 1017 agi,
490 942 584 1014 atque
601 930 673 996 ideo
685 931 865 996 continuato
877 938 968 994 noete
981 949 1019 992 ac
1032 927 1086 996 die
1098 926 1213 992 itinere

180 1035 274 1108 atque
291 1026 419 1089 mutatis
436 1024 478 1090 ad
495 1024 684 1089 celeritatem
701 1022 848 1089 iumentis
865 1022 907 1087 ad
924 1021 1119 1106 Pompeium
1137 1042 1212 1086 con·

181 1118 279 1182 tendit
301 1128 332 1182 ct
353 1119 465 1183 adesse
488 1116 657 1184 Caesarem
679 1116 842 1182 nuntiavit
877 1114 1050 1201 Pompeius
1076 1124 1147 1180 erat
1173 1135 1211 1179 eo

181 1221 318 1297 tempore
345 1212 378 1275 in
405 1211 568 1277 Candavia
593 1212 713 1296 iterque
739 1234 779 1275 ex
803 1209 992 1275 Macedonia
1016 1209 1051 1272 in
1076 1207 1211 1274 hiberna

180 1304 382 1390 Apolloniam
399 1305 695 1391 Dyrrhachiumque
717 1304 862 1370 habebat
898 1303 954 1369 sed
975 1324 1009 1367 re
1031 1325 1118 1367 nova
1140 1325 1209 1388 per·

181 1399 323 1464 turbatus
350 1399 520 1468 maioribus
547 1399 708 1464 itineribus
735 1398 936 1485 Apolloniam
960 1407 1067 1482 petere
1096 1396 1208 1482 eoepit,

180 1516 221 1557 ne
240 1491 359 1558 Caesar
376 1517 448 1558 orae
465 1494 636 1558 maritimae
655 1494 795 1558 civitates
814 1501 987 1577 occuparet
1024 1500 1057 1555 at
1079 1489 1136 1554 ille
1158 1512 1210 1554 ex·

181 1587 292 1672 positis
309 1588 459 1653 militibus
477 1588 587 1653 codem
604 1589 655 1653 dic
670 1586 802 1654 Oricum
815 1586 1029 1672 proficiscitur.
1058 1605 1208 1668 quocum

181 1681 328 1760 venisset,
347 1682 388 1746 L.
404 1682 592 1765 Torquatus,
610 1682 665 1766 qni
682 1683 771 1748 iussu
784 1681 916 1767 Pompei
933 1677 1049 1765 oppido
1065 1687 1210 1764 praeerat

181 1776 432 1861 praesidiumque
458 1776 503 1842 ibi
528 1776 749 1841 Parthinorum
776 1773 923 1852 habebat,
951 1783 1083 1839 conatus
1111 1774 1208 1860 portis

183 1869 297 1934 clausis
316 1870 466 1954 oppidum
488 1870 671 1947 defendere,
698 1893 770 1935 cum
789 1868 929 1935 Graecos
951 1890 1078 1933 murum
1100 1890 1210 1935 ascen·

183 1964 256 2028 dere
274 1975 366 2047 atquc
385 1987 471 2028 arma
488 1985 599 2049 capere
616 1965 750 2042 iuberet,
778 1964 823 2029 illi
845 1974 948 2028 autem
972 1985 1005 2027 se
1023 1972 1137 2028 contra
1154 1964 1209 2027 im-

182 2057 304 2141 perium
321 2057 429 2141 populi
441 2057 577 2121 Romani
590 2069 783 2144 pugnaturos
797 2080 867 2123 esse
880 2066 1039 2142 negarent,
1059 2056 1210 2142 oppidani

183 2160 287 2214 autem
314 2151 408 2214 etiarn
434 2173 492 2214 sua
519 2163 629 2235 sponte
653 2150 822 2216 Caesarem
847 2151 984 2235 recipere
1009 2160 1210 2227 conarentur,

183 2243 354 2328 desperatis
373 2244 517 2308 omnibus
536 2245 659 2310 auxiliis
677 2256 782 2330 portas
800 2245 921 2330 aperuit
938 2254 968 2308 et
986 2265 1020 2307 se
1039 2253 1138 2327 atque
1157 2268 1212 2331 op-

183 2337 291 2421 pidum
306 2337 435 2403 Caesari
448 2339 566 2404 dedidit
582 2340 808 2423 incolumisque
826 2338 866 2403 ab
880 2361 917 2403 eo
931 2350 1139 2404 conservatus
1155 2352 1210 2405 est.

133 2449 164 2496 12
184 2444 308 2516 recepto
328 2431 447 2498 Caesar
466 2430 562 2498 Orico
585 2434 671 2498 nulla
692 2434 874 2518 interposita
894 2455 982 2496 mora
1002 2431 1211 2517 Apolloniam

183 2526 397 2610 proficiscitur.
437 2528 525 2592 cuius
543 2529 679 2593 adventu
701 2529 807 2592 audito
824 2528 865 2591 L.
886 2525 1063 2605 Staberius,
1092 2529 1151 2611 qui
1169 2527 1212 2593 ibi

183 2632 337 2705 praeerat,
365 2644 478 2704 aquam
497 2634 689 2707 comportare
707 2623 740 2685 in
762 2644 864 2686 arcem
883 2632 975 2704 atque
997 2642 1068 2685 eam
1087 2623 1211 2687 munire

183 2713 371 2798 obsidesque
389 2716 429 2780 ab
448 2716 700 2801 Apolloniatibus
719 2716 843 2801 exigere
862 2715 972 2799 coepit.
1000 2714 1045 2778 illi
1064 2738 1142 2781 vero
1156 2717 1211 2781 da·

183 2819 269 2873 turos
288 2831 321 2872 se
339 2832 455 2895 negare
473 2833 573 2892 neque
595 2821 700 2895 portas
724 2809 846 2875 consuli
866 2809 1085 2894 praeclusuros
1103 2831 1210 2894 neque

184 2902 243 2967 sibi
261 2902 411 2966 iudicium
435 2914 613 2988 sumpturos
636 2914 743 2968 contra
765 2916 859 2987 atque
877 2902 979 2967 omnis
996 2901 1091 2968 Italia
1107 2925 1210 2989 popu-

183 2995 294 3078 lusque
317 2995 479 3062 Romanus
501 2997 710 3062 iudicavisset.
747 3021 879 3080 quorum
902 2996 1025 3082 cognita
1047 2995 1211 3062 voluntate

184 3088 263 3151 elam
286 3089 426 3173 profugit
443 3088 612 3174 Apollonia
631 3089 804 3155 Staberius.
845 3091 889 3154 illi
912 3091 951 3155 ad
970 3089 1144 3155 Caesarem
1168 3091 1211 3156 le·

183 3192 274 3265 gatos
293 3182 417 3245 mittunt
440 3184 617 3267 oppidoque
635 3187 797 3270 recipiunt.
837 3184 895 3249 hos
919 3197 1092 3267 sequuntur
1109 3185 1211 3251 Bulli-

184 3273 310 3350 denses,
338 3274 501 3338 Amantini
525 3289 556 3340 ct
577 3274 714 3360 reliquae
737 3280 885 3343 finitimae
913 3279 1052 3343 civitates
1082 3288 1210 3364 totaque

183 3365 297 3451 Epiros
325 3377 355 3430 et
382 3368 493 3453 legatis
520 3369 561 3433 ad
584 3369 753 3437 Caesarem
778 3373 897 3449 missis,
925 3394 1004 3455 quae
1030 3371 1209 3457 imperaret,

136 3478 165 3525 13
184 3459 320 3524 facturos
338 3460 530 3544 pollicentur.
558 3475 589 3528 at
602 3463 772 3550 Pompeius
791 3466 922 3552 cognitis
940 3466 989 3529 his
1003 3464 1109 3543 rebus,
1128 3488 1211 3550 quae

184 3563 271 3616 erant
298 3551 385 3618 Orici
412 3566 505 3638 atque
527 3555 713 3642 Apolloniae
730 3575 849 3644 gestae,
869 3558 1067 3644 Dyrrhachio
1095 3559 1210 3625 timens

184 3646 303 3711 diurnis
322 3670 358 3713 eo
376 3650 598 3735 nocturnisque
612 3652 773 3717 itineribus
787 3654 952 3718 contendit.
980 3651 1073 3716 simul
1089 3651 1212 3718 Caesar

184 3742 431 3826 appropinquare
450 3744 622 3810 dicebatur:
646 3756 811 3831 tantusque
829 3758 925 3811 terror
941 3746 1049 3810 incidit
1067 3747 1137 3811 eius
1156 3770 1212 3812 ex·

185 3835 306 3910 ercitui,
335 3836 420 3918 quod
446 3859 616 3923 properans
640 3851 763 3903 noctem
789 3838 850 3903 dici
877 3839 1080 3903 coniunxerat
1106 3862 1210 3924 neque

184 3929 243 3992 iter
263 3929 483 4008 intermiserat,
510 3942 545 3995 ut
567 3954 666 4016 paene
688 3955 796 3998 onmes
820 3955 859 3996 ex
881 3933 978 4017 Epiro
1004 3932 1211 4018 finitimisque

184 4022 363 4107 regionibus
383 4025 473 4109 signa
489 4025 710 4109 relinquerent,
737 4027 911 4109 complures
930 4050 1017 4091 anna
1034 4030 1211 4111 proicerent

185 4137 221 4177 ac
243 4114 338 4202 fugae
361 4118 460 4182 simile
482 4118 541 4183 iter
562 4120 726 4184 rideretur.
768 4121 824 4184 sed
849 4143 920 4184 cum
946 4143 1043 4205 prope
1064 4119 1212 4206 Dyrrha·

185 4207 289 4273 chium
315 4209 485 4296 Pompeius
513 4214 702 4280 constitisset
728 4225 891 4298 castraque
916 4215 1026 4279 metari
1051 4215 1209 4291 iussisset,

185 4302 344 4383 perterrito
363 4306 540 4370 etiamtum
563 4307 699 4373 exercitu
721 4309 864 4393 princeps
883 4308 1045 4374 Labienus
1066 4310 1211 4394 procedit

184 4394 326 4477 iuratque
344 4420 378 4461 sc
396 4422 467 4463 eum
485 4425 547 4466 non
565 4403 759 4468 deserturum
778 4404 972 4487 eundemque
994 4425 1105 4468 casum
1124 4405 1212 4471 subi·

186 4499 298 4568 turum,
312 4512 540 4579 quemcumque
550 4496 578 4562 ei
592 4496 715 4563 fortuna
729 4498 896 4564 tribuisset.
924 4498 983 4563 hoc
996 4498 1081 4564 idem
1095 4499 1211 4585 reliqui
