2738 5272
271 735 334 802 aco
612 703 808 804 nnemao
828 745 946 805 ervrm

272 883 364 956 atque
380 869 572 957 Octogesam
584 871 781 956 pertinebant
798 872 908 936 castris
926 870 1064 935 hostium
1081 871 1240 956 oppositis
1254 881 1305 936 tc-

271 966 432 1031 nebantur.
476 965 535 1051 ipsi
558 977 646 1029 erant
668 966 933 1031 transcendendae
954 964 1051 1029 valles
1078 965 1239 1030 maximae
1261 989 1304 1031 ac

271 1059 482 1136 difficillimae,
501 1082 578 1124 saxa
595 1059 700 1123 multis
718 1059 795 1124 locis
813 1069 979 1144 praerupta
996 1058 1055 1122 iter
1071 1059 1301 1143 impediebant,

271 1164 306 1217 ut
323 1176 409 1218 arma
426 1175 481 1237 per
498 1176 608 1217 manus
626 1153 802 1218 necessario
820 1153 1025 1228 traderentur,
1048 1153 1228 1235 militesque
1251 1154 1302 1216 in-

272 1248 348 1312 ermi
375 1247 589 1329 sublevatique
616 1246 668 1310 alii
695 1246 734 1311 ab
760 1246 829 1311 aliis
856 1269 1003 1332 magnam
1029 1257 1148 1330 partem
1173 1247 1301 1312 itineris

272 1341 466 1406 conficerent.
495 1340 551 1405 scd
567 1340 652 1404 hunc
668 1340 807 1404 laborem
825 1339 990 1404 recusabat
1002 1363 1103 1417 nemo,
1122 1341 1301 1424 quodcum

271 1435 410 1500 omnium
419 1434 559 1499 laborum
568 1433 663 1497 finem
677 1434 743 1497 fore
757 1433 984 1510 existimabant,
1001 1435 1028 1496 si
1040 1434 1161 1498 hostem
1171 1433 1318 1499 Hibero¹

221 1547 254 1598 69
272 1528 475 1593 intercludere
493 1538 524 1591 et
545 1527 702 1591 frumento
724 1526 887 1612 prohibere
910 1527 1093 1611 potuissent.
1138 1549 1175 1591 ac
1194 1530 1301 1613 primo

271 1621 438 1686 Afraniani
460 1621 573 1685 milites
596 1621 717 1684 visendi
739 1643 835 1686 causa
851 1620 924 1685 lacti
946 1643 985 1684 ex
1003 1621 1110 1685 castris
1132 1643 1301 1706 procurre-

272 1716 348 1781 bant
366 1715 658 1799 contumeliosisque
676 1715 805 1781 vocibus
823 1715 1102 1800 prosequebantur:
1124 1718 1301 1781 necessarii

271 1811 372 1875 victus
398 1810 503 1894 inopia
529 1820 653 1874 coactos
679 1810 789 1896 fugere
817 1820 909 1893 atque
936 1810 976 1874 ad
1002 1810 1137 1874 llerdam
1168 1812 1299 1875 reverti.

272 1915 337 1969 crat
355 1904 438 1967 enim
455 1903 512 1967 iter
525 1927 544 1967 a
556 1904 714 1988 proposito
729 1904 896 1980 diversum,
916 1904 1161 1987 contrariamque
1175 1903 1211 1966 in
1224 1927 1300 1989 par·

272 2009 334 2061 tem
352 1998 389 2061 iri
406 1996 578 2077 videbatur.
605 1997 701 2061 duces
719 2019 793 2060 vero
810 2020 918 2060 eorum
936 1997 1099 2061 consilium
1117 2019 1212 2060 suum
1230 1997 1300 2061 lau-

272 2091 364 2155 dibus
390 2089 544 2165 ferebant,
571 2091 656 2172 quod
683 2112 717 2154 se
744 2091 853 2155 castris
880 2091 1067 2168 tenuissent3
1098 2090 1300 2175 multumque

272 2206 380 2248 corum
398 2182 574 2268 opinionem
596 2183 777 2262 adiuvabat,
804 2185 888 2267 quod
911 2185 977 2248 sine
999 2183 1144 2248 iumentis
1162 2185 1300 2269 impedi·

272 2276 446 2358 mentisque
468 2277 508 2340 ad
529 2277 588 2340 iter
608 2277 765 2362 profectos
787 2277 948 2355 videbant,
976 2289 1010 2341 ut
1032 2301 1095 2341 non
1116 2299 1211 2362 posse
1230 2278 1300 2343 ino-

271 2371 356 2456 piam
373 2370 488 2434 diutius
508 2371 660 2435 sustinere
678 2372 876 2436 confiderent.
913 2373 983 2449 sed,
1006 2371 1060 2435 ubi
1077 2372 1231 2457 paulatim
1249 2395 1299 2437 re-

272 2464 407 2546 torqueri
425 2487 538 2549 agmen
560 2465 599 2528 ad
618 2466 759 2529 dextram
781 2477 1007 2550 conspexerunt
1030 2467 1153 2548 iamque
1175 2466 1299 2550 primos

272 2580 417 2642 superare
435 2558 594 2643 regionem
612 2570 784 2623 castrorum
802 2560 939 2622 animum
962 2560 1175 2636 adverterunt,
1202 2583 1299 2623 nemo

272 2662 338 2716 erat
359 2652 437 2717 adco
460 2653 565 2716 tardus
588 2662 642 2716 aut
659 2652 783 2739 fugiens
805 2652 934 2729 laboris,
962 2654 1038 2737 quin
1060 2653 1165 2717 statim
1183 2655 1299 2717 castris

272 2746 449 2811 exeundum
476 2756 568 2829 atque
594 2748 817 2812 occurrendum
843 2758 974 2831 putaret.
1020 2746 1232 2811 conclamatur
1259 2749 1301 2811 ad

272 2864 371 2917 arma,
391 2851 483 2924 atquc
502 2864 610 2905 omncs
629 2842 736 2926 copiae
754 2843 862 2925 paucis
880 2841 1035 2926 pracsidio
1053 2840 1167 2905 relictis
1187 2841 1301 2906 cohor-

272 2934 355 2998 tibus
383 2945 497 2998 exeunt
527 2944 673 3017 rectoque
704 2935 744 2998 ad
770 2934 925 2998 Hiberum
956 2935 1065 2998 itincre
1092 2934 1298 2999 contendunt.

222 3047 253 3093 το
272 3044 337 3090 crat
354 3028 387 3089 in
405 3026 559 3090 celeritate
582 3050 673 3091 omne
697 3029 832 3112 positum
855 3039 1025 3105 certamen,
1052 3029 1113 3090 utri
1133 3028 1221 3111 prius
1242 3051 1300 3092 an-

271 3120 392 3204 gustias
419 3133 603 3202 montesque
629 3133 830 3205 occuparent:
863 3122 918 3185 sed
950 3123 1119 3185 exercitum
1148 3120 1300 3186 Caesaris

271 3214 392 3275 riarum
417 3213 615 3277 difficultates
643 3215 820 3292 tardabant,
852 3214 978 3279 Afranii
1003 3216 1108 3299 copias
1138 3216 1299 3297 equitatus

273 3304 418 3370 Caesaris
441 3307 608 3389 insequens
632 3309 819 3374 morabatur.
855 3333 905 3374 res
928 3309 1089 3373 tamenab
1113 3307 1300 3375 Afranianis

271 3401 333 3464 huc
351 3411 416 3463 crat
433 3403 608 3468 necessario
627 3403 774 3480 deducta,
797 3415 845 3480 ut,
869 3406 895 3468 si
913 3407 1032 3489 priores
1055 3416 1191 3480 montes,
1216 3428 1300 3488 quos

271 3493 427 3580 petebant,
446 3495 630 3580 attigissent,
649 3498 710 3582 ipsi
728 3500 899 3582 periculum
914 3501 1054 3575 vitarent,
1073 3500 1301 3582 impedimenta

275 3589 369 3652 totius
388 3590 541 3654 exercitus
559 3592 757 3675 cohortisque
774 3594 807 3656 in
825 3593 934 3657 castris
953 3594 1075 3657 relictas
1094 3616 1220 3657 servare
1233 3618 1300 3660 non

272 3695 414 3767 possent3
433 3685 546 3767 quibus
560 3686 734 3751 interclusis
749 3688 884 3751 exercitu
896 3685 1041 3750 Caesaris
1056 3687 1208 3749 similium
1222 3688 1300 3751 ferri

271 3778 358 3842 nulla
374 3778 492 3842 ratione
509 3790 638 3863 poterat.
684 3781 816 3865 confecit
834 3782 918 3865 prior
934 3781 992 3844 iter
1006 3780 1124 3845 Caesar
1142 3792 1237 3864 atque
1257 3805 1300 3846 ex

272 3873 394 3956 magnis
421 3874 551 3957 rupibus
578 3885 687 3937 nactus
713 3874 878 3959 planiciem
904 3875 936 3937 in
962 3875 1021 3937 hac
1044 3885 1150 3938 contra
1171 3874 1300 3939 hostem

272 3966 370 4028 aciem
393 3966 525 4030 instruit.
569 3966 736 4043 Afranius,
764 3990 835 4031 curn
862 3966 901 4030 ab
924 3968 1063 4049 equitatu
1087 3968 1299 4032 novissimum

272 4081 386 4141 agmen
403 4070 608 4142 premeretur,
632 4071 703 4124 ante
723 4083 756 4125 se
774 4061 895 4125 hostem
914 4061 1046 4137 videret,
1070 4060 1179 4125 collem
1198 4084 1301 4144 quen·

272 4151 344 4212 daur
363 4164 472 4216 nactus
490 4153 535 4217 ibi
553 4154 700 4218 constitit.
745 4177 784 4217 cx
802 4177 839 4217 co
857 4153 925 4217 loco
944 4154 1014 4217 IllI
1032 4165 1222 4218 cetratorum
1244 4177 1300 4219 co-

272 4242 368 4305 hortis
387 4244 419 4307 in
437 4257 582 4324 montem,
602 4248 655 4330 qui
674 4258 740 4315 erat
757 4249 789 4311 in
807 4258 976 4332 conspectu
996 4248 1133 4312 omnium
1148 4249 1299 4313 excelsis·

273 4336 381 4412 simus,
396 4338 496 4403 mittit.
525 4341 607 4405 hunc
616 4365 731 4427 magno
745 4364 837 4405 cursu
847 4343 1016 4405 concitatos
1031 4342 1117 4406 iubet
1131 4364 1297 4426 occupare,

273 4450 310 4492 oo
328 4430 470 4505 consilio,
490 4434 534 4495 uti
552 4435 619 4518 ipso
637 4437 746 4499 codem
766 4436 910 4501 omnibus
929 4437 1027 4521 copiis
1047 4435 1247 4500 contenderet
1265 4447 1298 4500 et

273 4533 390 4589 mutato
417 4525 524 4590 itincre
551 4529 632 4614 iugis
661 4528 853 4615 Octogesam
879 4532 1062 4616 perveniret.
1107 4531 1190 4595 hunc
1221 4554 1297 4596 cum
