<?xml version="1.0" encoding="UTF-8"?>
<!DOCTYPE html PUBLIC "-//W3C//DTD XHTML 1.0 Transitional//EN"
    "http://www.w3.org/TR/xhtml1/DTD/xhtml1-transitional.dtd">
<html xmlns="http://www.w3.org/1999/xhtml" xml:lang="en" lang="en">
 <head>
  <title>
</title>
<meta http-equiv="Content-Type" content="text/html;charset=utf-8" />
  <meta name='ocr-system' content='tesseract 3.04.00' />
  <meta name='ocr-capabilities' content='ocr_page ocr_carea ocr_par ocr_line ocrx_word'/>
</head>
<body>
  <div class='ocr_page' id='page_1' title='image "./ciuliicaesarisc03krangoog_0078.png"; bbox 0 0 2738 5272; ppageno 0'>
   <div class='ocr_carea' id='block_1_1' title="bbox 265 753 972 820">
    <p class='ocr_par' dir='ltr' id='par_1_1' title="bbox 265 753 972 820">
     <span class='ocr_line' id='line_1_1' title="bbox 265 753 972 820; baseline 0 -3"><span class='ocrx_word' id='word_1_1' title='bbox 265 753 285 817; x_wconf 82' lang='grc'><strong>6</strong></span> <span class='ocrx_word' id='word_1_2' title='bbox 587 765 640 818; x_wconf 84' lang='lat' dir='ltr'>DE</span> <span class='ocrx_word' id='word_1_3' title='bbox 658 762 784 819; x_wconf 84' lang='lat' dir='ltr'>BELLO</span> <span class='ocrx_word' id='word_1_4' title='bbox 804 760 972 820; x_wconf 84' lang='lat' dir='ltr'>GALLICO</span> 
     </span>
    </p>
   </div>
   <div class='ocr_carea' id='block_1_2' title="bbox 217 885 1292 4646">
    <p class='ocr_par' dir='ltr' id='par_1_2' title="bbox 255 885 1292 2105">
     <span class='ocr_line' id='line_1_2' title="bbox 264 885 1292 969; baseline -0.002 -16"><span class='ocrx_word' id='word_1_5' title='bbox 264 890 319 954; x_wconf 88' lang='lat' dir='ltr'>riis</span> <span class='ocrx_word' id='word_1_6' title='bbox 337 890 484 953; x_wconf 86' lang='lat' dir='ltr'>finitimos</span> <span class='ocrx_word' id='word_1_7' title='bbox 507 888 643 953; x_wconf 80' lang='lat' dir='ltr'>haberet.</span> <span class='ocrx_word' id='word_1_8' title='bbox 684 887 725 952; x_wconf 93' lang='lat' dir='ltr'>ob</span> <span class='ocrx_word' id='word_1_9' title='bbox 743 910 796 951; x_wconf 91' lang='lat' dir='ltr'>eas</span> <span class='ocrx_word' id='word_1_10' title='bbox 814 910 927 951; x_wconf 90' lang='lat' dir='ltr'>causas</span> <span class='ocrx_word' id='word_1_11' title='bbox 944 886 974 949; x_wconf 91' lang='lat' dir='ltr'>ci</span> <span class='ocrx_word' id='word_1_12' title='bbox 991 885 1169 962; x_wconf 90' lang='lat' dir='ltr'>munitioni,</span> <span class='ocrx_word' id='word_1_13' title='bbox 1193 908 1292 969; x_wconf 90' lang='lat' dir='ltr'>quam</span> 
     </span>
     <span class='ocr_line' id='line_1_3' title="bbox 255 980 1291 1069; baseline -0.004 -21"><span class='ocrx_word' id='word_1_14' title='bbox 255 984 395 1061; x_wconf 67' lang='lat' dir='ltr'>lecerat,</span> <span class='ocrx_word' id='word_1_15' title='bbox 415 982 453 1047; x_wconf 83' lang='lat' dir='ltr'>T.</span> <span class='ocrx_word' id='word_1_16' title='bbox 472 982 650 1047; x_wconf 86' lang='lat' dir='ltr'>Labienum</span> <span class='ocrx_word' id='word_1_17' title='bbox 672 983 809 1069; x_wconf 85' lang='lat' dir='ltr'>legatum</span> <span class='ocrx_word' id='word_1_18' title='bbox 831 980 993 1066; x_wconf 81' lang='lat' dir='ltr'>praefecit3</span> <span class='ocrx_word' id='word_1_19' title='bbox 1022 981 1090 1066; x_wconf 93' lang='lat' dir='ltr'>ipse</span> <span class='ocrx_word' id='word_1_20' title='bbox 1111 980 1146 1044; x_wconf 93' lang='lat' dir='ltr'>in</span> <span class='ocrx_word' id='word_1_21' title='bbox 1162 980 1291 1045; x_wconf 89' lang='lat' dir='ltr'>Italiam</span> 
     </span>
     <span class='ocr_line' id='line_1_4' title="bbox 266 1074 1291 1165; baseline 0 -24"><span class='ocrx_word' id='word_1_22' title='bbox 266 1080 389 1165; x_wconf 90' lang='lat' dir='ltr'>magnis</span> <span class='ocrx_word' id='word_1_23' title='bbox 407 1078 569 1143; x_wconf 82' lang='lat' dir='ltr'>itineribus</span> <span class='ocrx_word' id='word_1_24' title='bbox 588 1077 747 1143; x_wconf 79' lang='lat' dir='ltr'>contendit</span> <span class='ocrx_word' id='word_1_25' title='bbox 764 1077 906 1159; x_wconf 89' lang='lat' dir='ltr'>duasque</span> <span class='ocrx_word' id='word_1_26' title='bbox 927 1074 972 1140; x_wconf 95' lang='lat' dir='ltr'>ibi</span> <span class='ocrx_word' id='word_1_27' title='bbox 992 1074 1133 1162; x_wconf 79' lang='lat' dir='ltr'>legiones</span> <span class='ocrx_word' id='word_1_28' title='bbox 1151 1077 1291 1141; x_wconf 91' lang='lat' dir='ltr'>conscri-</span> 
     </span>
     <span class='ocr_line' id='line_1_5' title="bbox 265 1169 1290 1255; baseline -0.003 -18"><span class='ocrx_word' id='word_1_29' title='bbox 265 1171 311 1237; x_wconf 90' lang='lat' dir='ltr'>bit</span> <span class='ocrx_word' id='word_1_30' title='bbox 329 1184 360 1237; x_wconf 90' lang='lat' dir='ltr'>ct</span> <span class='ocrx_word' id='word_1_31' title='bbox 377 1185 449 1251; x_wconf 89' lang='lat' dir='ltr'>tres,</span> <span class='ocrx_word' id='word_1_32' title='bbox 464 1195 544 1255; x_wconf 90' lang='lat' dir='ltr'>quac</span> <span class='ocrx_word' id='word_1_33' title='bbox 562 1173 678 1237; x_wconf 89' lang='lat' dir='ltr'>circum</span> <span class='ocrx_word' id='word_1_34' title='bbox 686 1170 866 1255; x_wconf 82' lang='lat' dir='ltr'>Aquileiam</span> <span class='ocrx_word' id='word_1_35' title='bbox 883 1169 1072 1247; x_wconf 82' lang='lat' dir='ltr'>hiemabant,</span> <span class='ocrx_word' id='word_1_36' title='bbox 1091 1193 1131 1234; x_wconf 81' lang='lat' dir='ltr'>ex</span> <span class='ocrx_word' id='word_1_37' title='bbox 1148 1170 1290 1235; x_wconf 90' lang='lat' dir='ltr'>hibernis</span> 
     </span>
     <span class='ocr_line' id='line_1_6' title="bbox 265 1261 1291 1351; baseline -0.003 -20"><span class='ocrx_word' id='word_1_38' title='bbox 265 1268 370 1332; x_wconf 83' lang='lat' dir='ltr'>educit</span> <span class='ocrx_word' id='word_1_39' title='bbox 391 1278 435 1344; x_wconf 87' lang='lat' dir='ltr'>ct,</span> <span class='ocrx_word' id='word_1_40' title='bbox 458 1290 522 1351; x_wconf 71' lang='lat' dir='ltr'>aqua</span> <span class='ocrx_word' id='word_1_41' title='bbox 542 1267 718 1351; x_wconf 80' lang='lat' dir='ltr'>proximum</span> <span class='ocrx_word' id='word_1_42' title='bbox 740 1264 799 1329; x_wconf 91' lang='lat' dir='ltr'>iter·</span> <span class='ocrx_word' id='word_1_43' title='bbox 820 1265 853 1328; x_wconf 94' lang='lat' dir='ltr'>in</span> <span class='ocrx_word' id='word_1_44' title='bbox 874 1264 1050 1328; x_wconf 88' lang='lat' dir='ltr'>ulteriorem</span> <span class='ocrx_word' id='word_1_45' title='bbox 1073 1261 1212 1329; x_wconf 84' lang='lat' dir='ltr'>Galliam</span> <span class='ocrx_word' id='word_1_46' title='bbox 1235 1287 1291 1350; x_wconf 90' lang='lat' dir='ltr'>per</span> 
     </span>
     <span class='ocr_line' id='line_1_7' title="bbox 264 1358 1289 1447; baseline -0.004 -21"><span class='ocrx_word' id='word_1_47' title='bbox 264 1361 365 1447; x_wconf 85' lang='lat' dir='ltr'>Alpes</span> <span class='ocrx_word' id='word_1_48' title='bbox 384 1372 458 1439; x_wconf 87' lang='lat' dir='ltr'>erat,</span> <span class='ocrx_word' id='word_1_49' title='bbox 473 1384 544 1425; x_wconf 88' lang='lat' dir='ltr'>cmn</span> <span class='ocrx_word' id='word_1_50' title='bbox 561 1360 611 1424; x_wconf 89' lang='lat' dir='ltr'>his</span> <span class='ocrx_word' id='word_1_51' title='bbox 629 1360 766 1444; x_wconf 90' lang='lat' dir='ltr'>quinque</span> <span class='ocrx_word' id='word_1_52' title='bbox 783 1358 960 1444; x_wconf 82' lang='lat' dir='ltr'>legionibus</span> <span class='ocrx_word' id='word_1_53' title='bbox 978 1359 1022 1422; x_wconf 90' lang='lat' dir='ltr'>ira</span> <span class='ocrx_word' id='word_1_54' title='bbox 1039 1359 1209 1423; x_wconf 87' lang='lat' dir='ltr'>contendit.</span> <span class='ocrx_word' id='word_1_55' title='bbox 1246 1359 1289 1423; x_wconf 91' lang='lat' dir='ltr'>ibi</span> 
     </span>
     <span class='ocr_line' id='line_1_8' title="bbox 266 1452 1289 1539; baseline -0.004 -18"><span class='ocrx_word' id='word_1_56' title='bbox 266 1456 441 1521; x_wconf 83' lang='lat' dir='ltr'>Ceutrones</span> <span class='ocrx_word' id='word_1_57' title='bbox 467 1466 498 1520; x_wconf 91' lang='lat' dir='ltr'>et</span> <span class='ocrx_word' id='word_1_58' title='bbox 525 1453 681 1519; x_wconf 85' lang='lat' dir='ltr'>Graioceli</span> <span class='ocrx_word' id='word_1_59' title='bbox 711 1463 742 1518; x_wconf 94' lang='lat' dir='ltr'>et</span> <span class='ocrx_word' id='word_1_60' title='bbox 770 1452 937 1539; x_wconf 84' lang='lat' dir='ltr'>Caturiges</span> <span class='ocrx_word' id='word_1_61' title='bbox 967 1453 1044 1517; x_wconf 92' lang='lat' dir='ltr'>locis</span> <span class='ocrx_word' id='word_1_62' title='bbox 1074 1453 1289 1539; x_wconf 87' lang='lat' dir='ltr'>superioribus</span> 
     </span>
     <span class='ocr_line' id='line_1_9' title="bbox 265 1547 1291 1636; baseline -0.004 -21"><span class='ocrx_word' id='word_1_63' title='bbox 265 1551 425 1636; x_wconf 90' lang='lat' dir='ltr'>occupatis</span> <span class='ocrx_word' id='word_1_64' title='bbox 455 1550 564 1614; x_wconf 88' lang='lat' dir='ltr'>itincre</span> <span class='ocrx_word' id='word_1_65' title='bbox 595 1548 765 1613; x_wconf 82' lang='lat' dir='ltr'>exercitum</span> <span class='ocrx_word' id='word_1_66' title='bbox 798 1547 963 1632; x_wconf 90' lang='lat' dir='ltr'>prohibere</span> <span class='ocrx_word' id='word_1_67' title='bbox 993 1557 1153 1612; x_wconf 90' lang='lat' dir='ltr'>conantur.</span> <span class='ocrx_word' id='word_1_68' title='bbox 1205 1570 1291 1613; x_wconf 89' lang='lat' dir='ltr'>oom-</span> 
     </span>
     <span class='ocr_line' id='line_1_10' title="bbox 264 1640 1290 1732; baseline -0.002 -23"><span class='ocrx_word' id='word_1_69' title='bbox 264 1645 406 1732; x_wconf 91' lang='lat' dir='ltr'>pluribus</span> <span class='ocrx_word' id='word_1_70' title='bbox 427 1645 477 1709; x_wconf 90' lang='lat' dir='ltr'>his</span> <span class='ocrx_word' id='word_1_71' title='bbox 504 1643 628 1729; x_wconf 91' lang='lat' dir='ltr'>proeliis</span> <span class='ocrx_word' id='word_1_72' title='bbox 654 1643 753 1728; x_wconf 91' lang='lat' dir='ltr'>pulsis</span> <span class='ocrx_word' id='word_1_73' title='bbox 780 1642 820 1707; x_wconf 89' lang='lat' dir='ltr'>ab</span> <span class='ocrx_word' id='word_1_74' title='bbox 844 1640 958 1720; x_wconf 89' lang='lat' dir='ltr'>Ocelo,</span> <span class='ocrx_word' id='word_1_75' title='bbox 985 1642 1070 1727; x_wconf 93' lang='lat' dir='ltr'>quod</span> <span class='ocrx_word' id='word_1_76' title='bbox 1096 1652 1144 1706; x_wconf 88' lang='lat' dir='ltr'>est</span> <span class='ocrx_word' id='word_1_77' title='bbox 1166 1642 1290 1707; x_wconf 86' lang='lat' dir='ltr'>citerio-</span> 
     </span>
     <span class='ocr_line' id='line_1_11' title="bbox 263 1735 1288 1826; baseline -0.004 -21"><span class='ocrx_word' id='word_1_78' title='bbox 263 1740 307 1805; x_wconf 89' lang='lat' dir='ltr'>ris</span> <span class='ocrx_word' id='word_1_79' title='bbox 325 1740 503 1826; x_wconf 85' lang='lat' dir='ltr'>provinciac</span> <span class='ocrx_word' id='word_1_80' title='bbox 526 1748 712 1814; x_wconf 85' lang='lat' dir='ltr'>extremum,</span> <span class='ocrx_word' id='word_1_81' title='bbox 735 1737 767 1800; x_wconf 94' lang='lat' dir='ltr'>in</span> <span class='ocrx_word' id='word_1_82' title='bbox 790 1737 868 1801; x_wconf 88' lang='lat' dir='ltr'>fines</span> <span class='ocrx_word' id='word_1_83' title='bbox 886 1736 1111 1802; x_wconf 84' lang='lat' dir='ltr'>Vocontiomm</span> <span class='ocrx_word' id='word_1_84' title='bbox 1132 1735 1288 1801; x_wconf 80' lang='lat' dir='ltr'>ulterioris</span> 
     </span>
     <span class='ocr_line' id='line_1_12' title="bbox 264 1828 1289 1921; baseline -0.005 -23"><span class='ocrx_word' id='word_1_85' title='bbox 264 1835 443 1921; x_wconf 66' lang='lat' dir='ltr'>proxinciac</span> <span class='ocrx_word' id='word_1_86' title='bbox 473 1833 523 1897; x_wconf 92' lang='lat' dir='ltr'>dic</span> <span class='ocrx_word' id='word_1_87' title='bbox 555 1833 687 1917; x_wconf 90' lang='lat' dir='ltr'>septimo</span> <span class='ocrx_word' id='word_1_88' title='bbox 717 1831 876 1916; x_wconf 77' lang='lat' dir='ltr'>pervcnit3</span> <span class='ocrx_word' id='word_1_89' title='bbox 911 1831 984 1895; x_wconf 89' lang='lat' dir='ltr'>inde</span> <span class='ocrx_word' id='word_1_90' title='bbox 1014 1831 1047 1894; x_wconf 88' lang='lat' dir='ltr'>in</span> <span class='ocrx_word' id='word_1_91' title='bbox 1076 1828 1289 1916; x_wconf 84' lang='lat' dir='ltr'>Allobrogum</span> 
     </span>
     <span class='ocr_line' id='line_1_13' title="bbox 264 1924 1291 2011; baseline -0.005 -18"><span class='ocrx_word' id='word_1_92' title='bbox 264 1930 363 2006; x_wconf 86' lang='lat' dir='ltr'>fines,</span> <span class='ocrx_word' id='word_1_93' title='bbox 398 1927 438 1992; x_wconf 89' lang='lat' dir='ltr'>ab</span> <span class='ocrx_word' id='word_1_94' title='bbox 470 1925 695 2011; x_wconf 86' lang='lat' dir='ltr'>Allobrogibus</span> <span class='ocrx_word' id='word_1_95' title='bbox 729 1926 761 1989; x_wconf 94' lang='lat' dir='ltr'>in</span> <span class='ocrx_word' id='word_1_96' title='bbox 794 1924 988 2011; x_wconf 87' lang='lat' dir='ltr'>Segusiavos</span> <span class='ocrx_word' id='word_1_97' title='bbox 1024 1925 1195 1989; x_wconf 83' lang='lat' dir='ltr'>exercitum</span> <span class='ocrx_word' id='word_1_98' title='bbox 1230 1926 1291 1988; x_wconf 91' lang='lat' dir='ltr'>du·</span> 
     </span>
     <span class='ocr_line' id='line_1_14' title="bbox 265 2019 1290 2105; baseline -0.002 -20"><span class='ocrx_word' id='word_1_99' title='bbox 265 2022 316 2085; x_wconf 91' lang='lat' dir='ltr'>cit.</span> <span class='ocrx_word' id='word_1_100' title='bbox 364 2020 398 2083; x_wconf 91' lang='lat' dir='ltr'>hi</span> <span class='ocrx_word' id='word_1_101' title='bbox 423 2031 497 2085; x_wconf 91' lang='lat' dir='ltr'>sunt</span> <span class='ocrx_word' id='word_1_102' title='bbox 522 2030 610 2084; x_wconf 85' lang='lat' dir='ltr'>crttra</span> <span class='ocrx_word' id='word_1_103' title='bbox 635 2019 828 2105; x_wconf 87' lang='lat' dir='ltr'>provinciam</span> <span class='ocrx_word' id='word_1_104' title='bbox 858 2030 943 2085; x_wconf 90' lang='lat' dir='ltr'>trans</span> <span class='ocrx_word' id='word_1_105' title='bbox 970 2019 1160 2084; x_wconf 82' lang='lat' dir='ltr'>Rhodanum</span> <span class='ocrx_word' id='word_1_106' title='bbox 1185 2019 1290 2105; x_wconf 89' lang='lat' dir='ltr'>primi.</span> 
     </span>
    </p>

    <p class='ocr_par' dir='ltr' id='par_1_3' title="bbox 217 2113 1292 3607">
     <span class='ocr_line' id='line_1_15' title="bbox 217 2113 1291 2200; baseline -0.003 -20"><span class='ocrx_word' id='word_1_107' title='bbox 217 2128 246 2173; x_wconf 89' lang='lat'>11</span> <span class='ocrx_word' id='word_1_108' title='bbox 265 2114 404 2180; x_wconf 79' lang='lat' dir='ltr'>Helvetii</span> <span class='ocrx_word' id='word_1_109' title='bbox 433 2115 496 2178; x_wconf 92' lang='lat' dir='ltr'>iam</span> <span class='ocrx_word' id='word_1_110' title='bbox 526 2137 582 2199; x_wconf 88' lang='lat' dir='ltr'>per</span> <span class='ocrx_word' id='word_1_111' title='bbox 612 2115 772 2200; x_wconf 87' lang='lat' dir='ltr'>angustias</span> <span class='ocrx_word' id='word_1_112' title='bbox 799 2124 831 2179; x_wconf 91' lang='lat' dir='ltr'>ct</span> <span class='ocrx_word' id='word_1_113' title='bbox 861 2114 939 2179; x_wconf 89' lang='lat' dir='ltr'>fines</span> <span class='ocrx_word' id='word_1_114' title='bbox 967 2113 1187 2198; x_wconf 86' lang='lat' dir='ltr'>Sequanorum</span> <span class='ocrx_word' id='word_1_115' title='bbox 1213 2136 1291 2178; x_wconf 90' lang='lat' dir='ltr'>suas</span> 
     </span>
     <span class='ocr_line' id='line_1_16' title="bbox 265 2207 1292 2293; baseline -0.001 -21"><span class='ocrx_word' id='word_1_116' title='bbox 265 2207 371 2293; x_wconf 90' lang='lat' dir='ltr'>copias</span> <span class='ocrx_word' id='word_1_117' title='bbox 399 2209 598 2272; x_wconf 86' lang='lat' dir='ltr'>traduxerant</span> <span class='ocrx_word' id='word_1_118' title='bbox 624 2220 656 2272; x_wconf 92' lang='lat' dir='ltr'>ct</span> <span class='ocrx_word' id='word_1_119' title='bbox 680 2210 713 2272; x_wconf 91' lang='lat' dir='ltr'>in</span> <span class='ocrx_word' id='word_1_120' title='bbox 739 2208 945 2273; x_wconf 88' lang='lat' dir='ltr'>Haeduorum</span> <span class='ocrx_word' id='word_1_121' title='bbox 974 2208 1053 2273; x_wconf 89' lang='lat' dir='ltr'>fines</span> <span class='ocrx_word' id='word_1_122' title='bbox 1083 2217 1292 2293; x_wconf 85' lang='lat' dir='ltr'>pervenerant</span> 
     </span>
     <span class='ocr_line' id='line_1_17' title="bbox 265 2302 1292 2387; baseline -0.001 -21"><span class='ocrx_word' id='word_1_123' title='bbox 265 2324 434 2385; x_wconf 91' lang='lat' dir='ltr'>eorumque</span> <span class='ocrx_word' id='word_1_124' title='bbox 456 2326 549 2387; x_wconf 90' lang='lat' dir='ltr'>agros</span> <span class='ocrx_word' id='word_1_125' title='bbox 572 2302 811 2387; x_wconf 85' lang='lat' dir='ltr'>populabantur.</span> <span class='ocrx_word' id='word_1_126' title='bbox 857 2302 998 2379; x_wconf 88' lang='lat' dir='ltr'>Haedui,</span> <span class='ocrx_word' id='word_1_127' title='bbox 1022 2325 1094 2366; x_wconf 92' lang='lat' dir='ltr'>cum</span> <span class='ocrx_word' id='word_1_128' title='bbox 1112 2323 1146 2366; x_wconf 90' lang='lat' dir='ltr'>sc</span> <span class='ocrx_word' id='word_1_129' title='bbox 1169 2324 1292 2385; x_wconf 83' lang='lat' dir='ltr'>suaque</span> 
     </span>
     <span class='ocr_line' id='line_1_18' title="bbox 266 2395 1290 2482; baseline -0.001 -23"><span class='ocrx_word' id='word_1_130' title='bbox 266 2396 305 2459; x_wconf 89' lang='lat' dir='ltr'>ab</span> <span class='ocrx_word' id='word_1_131' title='bbox 323 2396 361 2459; x_wconf 90' lang='lat' dir='ltr'>iis</span> <span class='ocrx_word' id='word_1_132' title='bbox 385 2395 552 2461; x_wconf 82' lang='lat' dir='ltr'>defendere</span> <span class='ocrx_word' id='word_1_133' title='bbox 575 2420 637 2460; x_wconf 89' lang='lat' dir='ltr'>non</span> <span class='ocrx_word' id='word_1_134' title='bbox 659 2406 802 2481; x_wconf 86' lang='lat' dir='ltr'>possent,</span> <span class='ocrx_word' id='word_1_135' title='bbox 825 2396 945 2482; x_wconf 88' lang='lat' dir='ltr'>legatos</span> <span class='ocrx_word' id='word_1_136' title='bbox 965 2397 1005 2460; x_wconf 88' lang='lat' dir='ltr'>ad</span> <span class='ocrx_word' id='word_1_137' title='bbox 1024 2395 1194 2461; x_wconf 86' lang='lat' dir='ltr'>Caesarem</span> <span class='ocrx_word' id='word_1_138' title='bbox 1215 2396 1290 2459; x_wconf 90' lang='lat' dir='ltr'>mit·</span> 
     </span>
     <span class='ocr_line' id='line_1_19' title="bbox 267 2488 1290 2574; baseline 0.002 -23"><span class='ocrx_word' id='word_1_139' title='bbox 267 2499 335 2552; x_wconf 91' lang='lat' dir='ltr'>tunt</span> <span class='ocrx_word' id='word_1_140' title='bbox 357 2500 501 2574; x_wconf 88' lang='lat' dir='ltr'>rogatum</span> <span class='ocrx_word' id='word_1_141' title='bbox 523 2490 688 2553; x_wconf 85' lang='lat' dir='ltr'>auxilium:</span> <span class='ocrx_word' id='word_1_142' title='bbox 715 2490 759 2554; x_wconf 89' lang='lat' dir='ltr'>ita</span> <span class='ocrx_word' id='word_1_143' title='bbox 781 2512 815 2554; x_wconf 91' lang='lat' dir='ltr'>se</span> <span class='ocrx_word' id='word_1_144' title='bbox 838 2490 921 2553; x_wconf 90' lang='lat' dir='ltr'>ourni</span> <span class='ocrx_word' id='word_1_145' title='bbox 944 2505 1082 2574; x_wconf 88' lang='lat' dir='ltr'>temporo</span> <span class='ocrx_word' id='word_1_146' title='bbox 1105 2488 1144 2553; x_wconf 90' lang='lat' dir='ltr'>dc</span> <span class='ocrx_word' id='word_1_147' title='bbox 1170 2488 1290 2573; x_wconf 92' lang='lat' dir='ltr'>populo</span> 
     </span>
     <span class='ocr_line' id='line_1_20' title="bbox 265 2582 1289 2669; baseline -0.001 -21"><span class='ocrx_word' id='word_1_148' title='bbox 265 2582 408 2648; x_wconf 88' lang='lat' dir='ltr'>Romano</span> <span class='ocrx_word' id='word_1_149' title='bbox 431 2585 557 2648; x_wconf 87' lang='lat' dir='ltr'>meritos</span> <span class='ocrx_word' id='word_1_150' title='bbox 585 2606 668 2659; x_wconf 89' lang='lat' dir='ltr'>esse,</span> <span class='ocrx_word' id='word_1_151' title='bbox 696 2595 731 2647; x_wconf 88' lang='lat' dir='ltr'>ut</span> <span class='ocrx_word' id='word_1_152' title='bbox 756 2606 856 2668; x_wconf 88' lang='lat' dir='ltr'>paene</span> <span class='ocrx_word' id='word_1_153' title='bbox 882 2584 915 2647; x_wconf 92' lang='lat' dir='ltr'>iu</span> <span class='ocrx_word' id='word_1_154' title='bbox 941 2593 1110 2669; x_wconf 89' lang='lat' dir='ltr'>conspectu</span> <span class='ocrx_word' id='word_1_155' title='bbox 1132 2583 1289 2647; x_wconf 81' lang='lat' dir='ltr'>exereitus</span> 
     </span>
     <span class='ocr_line' id='line_1_21' title="bbox 266 2675 1289 2763; baseline 0 -22"><span class='ocrx_word' id='word_1_156' title='bbox 266 2678 364 2742; x_wconf 87' lang='lat' dir='ltr'>nostri</span> <span class='ocrx_word' id='word_1_157' title='bbox 391 2679 457 2763; x_wconf 88' lang='lat' dir='ltr'>agri</span> <span class='ocrx_word' id='word_1_158' title='bbox 485 2679 614 2754; x_wconf 77' lang='lat' dir='ltr'>vastari,</span> <span class='ocrx_word' id='word_1_159' title='bbox 646 2677 735 2742; x_wconf 87' lang='lat' dir='ltr'>liberi</span> <span class='ocrx_word' id='word_1_160' title='bbox 762 2700 870 2741; x_wconf 90' lang='lat' dir='ltr'>corum</span> <span class='ocrx_word' id='word_1_161' title='bbox 896 2678 929 2742; x_wconf 90' lang='lat' dir='ltr'>in</span> <span class='ocrx_word' id='word_1_162' title='bbox 956 2678 1135 2742; x_wconf 78' lang='lat' dir='ltr'>servitutem</span> <span class='ocrx_word' id='word_1_163' title='bbox 1162 2675 1289 2753; x_wconf 84' lang='lat' dir='ltr'>abduci,</span> 
     </span>
     <span class='ocr_line' id='line_1_22' title="bbox 265 2770 1291 2859; baseline -0.002 -24"><span class='ocrx_word' id='word_1_164' title='bbox 265 2772 380 2857; x_wconf 89' lang='lat' dir='ltr'>oppida</span> <span class='ocrx_word' id='word_1_165' title='bbox 397 2773 571 2859; x_wconf 84' lang='lat' dir='ltr'>expugnari</span> <span class='ocrx_word' id='word_1_166' title='bbox 588 2796 651 2837; x_wconf 92' lang='lat' dir='ltr'>non</span> <span class='ocrx_word' id='word_1_167' title='bbox 663 2771 836 2836; x_wconf 88' lang='lat' dir='ltr'>debuerint.</span> <span class='ocrx_word' id='word_1_168' title='bbox 880 2772 990 2835; x_wconf 89' lang='lat' dir='ltr'>codem</span> <span class='ocrx_word' id='word_1_169' title='bbox 1009 2783 1147 2856; x_wconf 88' lang='lat' dir='ltr'>tempore</span> <span class='ocrx_word' id='word_1_170' title='bbox 1161 2770 1291 2834; x_wconf 87' lang='lat' dir='ltr'>Haedui</span> 
     </span>
     <span class='ocr_line' id='line_1_23' title="bbox 265 2864 1292 2952; baseline -0.001 -23"><span class='ocrx_word' id='word_1_171' title='bbox 265 2865 422 2943; x_wconf 87' lang='lat' dir='ltr'>Arrrbani,</span> <span class='ocrx_word' id='word_1_172' title='bbox 432 2868 599 2932; x_wconf 87' lang='lat' dir='ltr'>necessarii</span> <span class='ocrx_word' id='word_1_173' title='bbox 613 2878 644 2930; x_wconf 91' lang='lat' dir='ltr'>ct</span> <span class='ocrx_word' id='word_1_174' title='bbox 657 2865 881 2952; x_wconf 87' lang='lat' dir='ltr'>consanguinei</span> <span class='ocrx_word' id='word_1_175' title='bbox 891 2865 1107 2941; x_wconf 89' lang='lat' dir='ltr'>Haeduorum,</span> <span class='ocrx_word' id='word_1_176' title='bbox 1118 2864 1292 2930; x_wconf 80' lang='lat' dir='ltr'>Caesarem</span> 
     </span>
     <span class='ocr_line' id='line_1_24' title="bbox 265 2957 1291 3045; baseline 0 -22"><span class='ocrx_word' id='word_1_177' title='bbox 265 2960 426 3023; x_wconf 88' lang='lat' dir='ltr'>certiorem</span> <span class='ocrx_word' id='word_1_178' title='bbox 444 2960 563 3024; x_wconf 87' lang='lat' dir='ltr'>faciunt</span> <span class='ocrx_word' id='word_1_179' title='bbox 580 2982 649 3023; x_wconf 90' lang='lat' dir='ltr'>sese</span> <span class='ocrx_word' id='word_1_180' title='bbox 667 2959 862 3045; x_wconf 88' lang='lat' dir='ltr'>depopulatis</span> <span class='ocrx_word' id='word_1_181' title='bbox 881 2959 964 3045; x_wconf 89' lang='lat' dir='ltr'>agris</span> <span class='ocrx_word' id='word_1_182' title='bbox 982 2982 1045 3023; x_wconf 91' lang='lat' dir='ltr'>non</span> <span class='ocrx_word' id='word_1_183' title='bbox 1064 2958 1155 3023; x_wconf 82' lang='lat' dir='ltr'>facile</span> <span class='ocrx_word' id='word_1_184' title='bbox 1172 2957 1213 3022; x_wconf 87' lang='lat' dir='ltr'>ab</span> <span class='ocrx_word' id='word_1_185' title='bbox 1231 2980 1291 3043; x_wconf 92' lang='lat' dir='ltr'>op-</span> 
     </span>
     <span class='ocr_line' id='line_1_25' title="bbox 264 3052 1289 3138; baseline 0.003 -24"><span class='ocrx_word' id='word_1_186' title='bbox 264 3053 346 3136; x_wconf 89' lang='lat' dir='ltr'>pidis</span> <span class='ocrx_word' id='word_1_187' title='bbox 365 3054 427 3115; x_wconf 77' lang='lat' dir='ltr'>vim</span> <span class='ocrx_word' id='word_1_188' title='bbox 446 3054 583 3116; x_wconf 87' lang='lat' dir='ltr'>hostium</span> <span class='ocrx_word' id='word_1_189' title='bbox 600 3052 774 3137; x_wconf 88' lang='lat' dir='ltr'>prohibere.</span> <span class='ocrx_word' id='word_1_190' title='bbox 814 3054 889 3118; x_wconf 87' lang='lat' dir='ltr'>item</span> <span class='ocrx_word' id='word_1_191' title='bbox 906 3052 1111 3138; x_wconf 88' lang='lat' dir='ltr'>Allobroges,</span> <span class='ocrx_word' id='word_1_192' title='bbox 1129 3053 1184 3137; x_wconf 91' lang='lat' dir='ltr'>qui</span> <span class='ocrx_word' id='word_1_193' title='bbox 1202 3064 1289 3117; x_wconf 86' lang='lat' dir='ltr'>trans</span> 
     </span>
     <span class='ocr_line' id='line_1_26' title="bbox 265 3146 1290 3232; baseline 0.001 -24"><span class='ocrx_word' id='word_1_194' title='bbox 265 3146 454 3208; x_wconf 84' lang='lat' dir='ltr'>Rhodanum</span> <span class='ocrx_word' id='word_1_195' title='bbox 479 3147 565 3209; x_wconf 73' lang='lat' dir='ltr'>vicos</span> <span class='ocrx_word' id='word_1_196' title='bbox 592 3148 871 3231; x_wconf 87' lang='lat' dir='ltr'>possessionesque</span> <span class='ocrx_word' id='word_1_197' title='bbox 894 3146 1064 3224; x_wconf 86' lang='lat' dir='ltr'>habebant,</span> <span class='ocrx_word' id='word_1_198' title='bbox 1087 3146 1166 3232; x_wconf 78' lang='lat' dir='ltr'>suga</span> <span class='ocrx_word' id='word_1_199' title='bbox 1186 3168 1221 3211; x_wconf 91' lang='lat' dir='ltr'>sc</span> <span class='ocrx_word' id='word_1_200' title='bbox 1247 3146 1290 3209; x_wconf 89' lang='lat' dir='ltr'>ad</span> 
     </span>
     <span class='ocr_line' id='line_1_27' title="bbox 266 3236 1290 3327; baseline 0.004 -26"><span class='ocrx_word' id='word_1_201' title='bbox 266 3236 435 3302; x_wconf 81' lang='lat' dir='ltr'>Caesarem</span> <span class='ocrx_word' id='word_1_202' title='bbox 452 3241 605 3323; x_wconf 87' lang='lat' dir='ltr'>rccipiunt</span> <span class='ocrx_word' id='word_1_203' title='bbox 618 3249 649 3304; x_wconf 93' lang='lat' dir='ltr'>ct</span> <span class='ocrx_word' id='word_1_204' title='bbox 662 3240 874 3306; x_wconf 87' lang='lat' dir='ltr'>demonstrant</span> <span class='ocrx_word' id='word_1_205' title='bbox 888 3241 948 3305; x_wconf 90' lang='lat' dir='ltr'>sibi</span> <span class='ocrx_word' id='word_1_206' title='bbox 965 3251 1088 3326; x_wconf 89' lang='lat' dir='ltr'>practer</span> <span class='ocrx_word' id='word_1_207' title='bbox 1099 3240 1167 3327; x_wconf 88' lang='lat' dir='ltr'>agri</span> <span class='ocrx_word' id='word_1_208' title='bbox 1184 3240 1290 3305; x_wconf 91' lang='lat' dir='ltr'>solum</span> 
     </span>
     <span class='ocr_line' id='line_1_28' title="bbox 264 3329 1291 3415; baseline 0.005 -23"><span class='ocrx_word' id='word_1_209' title='bbox 264 3329 341 3393; x_wconf 93' lang='lat' dir='ltr'>nihil</span> <span class='ocrx_word' id='word_1_210' title='bbox 359 3352 429 3394; x_wconf 89' lang='lat' dir='ltr'>cssc</span> <span class='ocrx_word' id='word_1_211' title='bbox 446 3331 566 3415; x_wconf 88' lang='lat' dir='ltr'>reliqui.</span> <span class='ocrx_word' id='word_1_212' title='bbox 602 3333 717 3415; x_wconf 91' lang='lat' dir='ltr'>quibus</span> <span class='ocrx_word' id='word_1_213' title='bbox 735 3333 829 3398; x_wconf 91' lang='lat' dir='ltr'>rebus</span> <span class='ocrx_word' id='word_1_214' title='bbox 848 3335 1000 3399; x_wconf 89' lang='lat' dir='ltr'>adductus</span> <span class='ocrx_word' id='word_1_215' title='bbox 1018 3334 1138 3399; x_wconf 83' lang='lat' dir='ltr'>Cacsar</span> <span class='ocrx_word' id='word_1_216' title='bbox 1153 3356 1217 3397; x_wconf 90' lang='lat' dir='ltr'>noa</span> <span class='ocrx_word' id='word_1_217' title='bbox 1234 3356 1291 3397; x_wconf 87' lang='lat' dir='ltr'>cx·</span> 
     </span>
     <span class='ocr_line' id='line_1_29' title="bbox 266 3425 1291 3509; baseline 0.002 -21"><span class='ocrx_word' id='word_1_218' title='bbox 266 3425 469 3509; x_wconf 84' lang='lat' dir='ltr'>spectandum</span> <span class='ocrx_word' id='word_1_219' title='bbox 489 3425 548 3490; x_wconf 90' lang='lat' dir='ltr'>sibi</span> <span class='ocrx_word' id='word_1_220' title='bbox 567 3428 687 3504; x_wconf 89' lang='lat' dir='ltr'>statuit,</span> <span class='ocrx_word' id='word_1_221' title='bbox 711 3427 786 3491; x_wconf 90' lang='lat' dir='ltr'>dum</span> <span class='ocrx_word' id='word_1_222' title='bbox 805 3428 950 3493; x_wconf 90' lang='lat' dir='ltr'>omnibus</span> <span class='ocrx_word' id='word_1_223' title='bbox 977 3428 1110 3494; x_wconf 87' lang='lat' dir='ltr'>fortunis</span> <span class='ocrx_word' id='word_1_224' title='bbox 1132 3428 1291 3494; x_wconf 86' lang='lat' dir='ltr'>sociorum</span> 
     </span>
     <span class='ocr_line' id='line_1_30' title="bbox 266 3518 1067 3607; baseline 0.006 -25"><span class='ocrx_word' id='word_1_225' title='bbox 266 3519 458 3603; x_wconf 86' lang='lat' dir='ltr'>consumptis</span> <span class='ocrx_word' id='word_1_226' title='bbox 476 3519 509 3582; x_wconf 92' lang='lat' dir='ltr'>in</span> <span class='ocrx_word' id='word_1_227' title='bbox 529 3518 686 3585; x_wconf 89' lang='lat' dir='ltr'>Santonos</span> <span class='ocrx_word' id='word_1_228' title='bbox 704 3521 843 3587; x_wconf 83' lang='lat' dir='ltr'>Helvetii</span> <span class='ocrx_word' id='word_1_229' title='bbox 861 3523 1067 3607; x_wconf 88' lang='lat' dir='ltr'>pervenirent.</span> 
     </span>
    </p>

    <p class='ocr_par' dir='ltr' id='par_1_4' title="bbox 218 3611 1291 4646">
     <span class='ocr_line' id='line_1_31' title="bbox 218 3611 1291 3700; baseline 0.004 -25"><span class='ocrx_word' id='word_1_230' title='bbox 218 3636 247 3681; x_wconf 75' lang='lat'>12</span> <span class='ocrx_word' id='word_1_231' title='bbox 325 3611 460 3677; x_wconf 83' lang='lat' dir='ltr'>Flumen</span> <span class='ocrx_word' id='word_1_232' title='bbox 483 3625 530 3676; x_wconf 87' lang='lat' dir='ltr'>cst</span> <span class='ocrx_word' id='word_1_233' title='bbox 547 3614 644 3691; x_wconf 84' lang='lat' dir='ltr'>Arar,</span> <span class='ocrx_word' id='word_1_234' title='bbox 667 3616 752 3699; x_wconf 92' lang='lat' dir='ltr'>quod</span> <span class='ocrx_word' id='word_1_235' title='bbox 774 3638 829 3700; x_wconf 91' lang='lat' dir='ltr'>pcr</span> <span class='ocrx_word' id='word_1_236' title='bbox 851 3618 929 3679; x_wconf 89' lang='lat' dir='ltr'>fines</span> <span class='ocrx_word' id='word_1_237' title='bbox 947 3616 1153 3682; x_wconf 89' lang='lat' dir='ltr'>Haeduorum</span> <span class='ocrx_word' id='word_1_238' title='bbox 1175 3626 1207 3679; x_wconf 90' lang='lat' dir='ltr'>ct</span> <span class='ocrx_word' id='word_1_239' title='bbox 1229 3612 1291 3681; x_wconf 87' lang='lat' dir='ltr'>Sc-</span> 
     </span>
     <span class='ocr_line' id='line_1_32' title="bbox 265 3708 1290 3792; baseline 0.001 -20"><span class='ocrx_word' id='word_1_240' title='bbox 265 3731 439 3792; x_wconf 89' lang='lat' dir='ltr'>quanorum</span> <span class='ocrx_word' id='word_1_241' title='bbox 457 3709 489 3772; x_wconf 90' lang='lat' dir='ltr'>in</span> <span class='ocrx_word' id='word_1_242' title='bbox 506 3708 694 3774; x_wconf 88' lang='lat' dir='ltr'>Rhodanum</span> <span class='ocrx_word' id='word_1_243' title='bbox 713 3711 813 3774; x_wconf 83' lang='lat' dir='ltr'>induit</span> <span class='ocrx_word' id='word_1_244' title='bbox 835 3710 1008 3775; x_wconf 89' lang='lat' dir='ltr'>incredibili</span> <span class='ocrx_word' id='word_1_245' title='bbox 1030 3710 1169 3787; x_wconf 88' lang='lat' dir='ltr'>lenitate,</span> <span class='ocrx_word' id='word_1_246' title='bbox 1193 3710 1238 3773; x_wconf 90' lang='lat' dir='ltr'>ita</span> <span class='ocrx_word' id='word_1_247' title='bbox 1253 3720 1290 3773; x_wconf 92' lang='lat' dir='ltr'>ut</span> 
     </span>
     <span class='ocr_line' id='line_1_33' title="bbox 265 3802 1289 3890; baseline -0.001 -23"><span class='ocrx_word' id='word_1_248' title='bbox 265 3804 372 3879; x_wconf 90' lang='lat' dir='ltr'>oculis,</span> <span class='ocrx_word' id='word_1_249' title='bbox 387 3804 419 3867; x_wconf 90' lang='lat' dir='ltr'>in</span> <span class='ocrx_word' id='word_1_250' title='bbox 437 3815 538 3868; x_wconf 91' lang='lat' dir='ltr'>utram</span> <span class='ocrx_word' id='word_1_251' title='bbox 555 3816 675 3889; x_wconf 89' lang='lat' dir='ltr'>partem</span> <span class='ocrx_word' id='word_1_252' title='bbox 693 3805 779 3882; x_wconf 80' lang='lat' dir='ltr'>fluat,</span> <span class='ocrx_word' id='word_1_253' title='bbox 794 3805 924 3869; x_wconf 90' lang='lat' dir='ltr'>iudicari</span> <span class='ocrx_word' id='word_1_254' title='bbox 940 3829 1002 3869; x_wconf 89' lang='lat' dir='ltr'>non</span> <span class='ocrx_word' id='word_1_255' title='bbox 1020 3805 1131 3890; x_wconf 89' lang='lat' dir='ltr'>possit.</span> <span class='ocrx_word' id='word_1_256' title='bbox 1162 3804 1196 3868; x_wconf 96' lang='lat' dir='ltr'>id</span> <span class='ocrx_word' id='word_1_257' title='bbox 1208 3802 1289 3867; x_wconf 90' lang='lat' dir='ltr'>Hel·</span> 
     </span>
     <span class='ocr_line' id='line_1_34' title="bbox 265 3897 1289 3983; baseline -0.001 -22"><span class='ocrx_word' id='word_1_258' title='bbox 265 3898 341 3961; x_wconf 73' lang='lat' dir='ltr'>vetii</span> <span class='ocrx_word' id='word_1_259' title='bbox 362 3897 481 3963; x_wconf 88' lang='lat' dir='ltr'>ratibus</span> <span class='ocrx_word' id='word_1_260' title='bbox 504 3922 541 3962; x_wconf 87' lang='lat' dir='ltr'>ac</span> <span class='ocrx_word' id='word_1_261' title='bbox 563 3899 706 3963; x_wconf 87' lang='lat' dir='ltr'>lintribus</span> <span class='ocrx_word' id='word_1_262' title='bbox 729 3899 843 3963; x_wconf 91' lang='lat' dir='ltr'>iunctis</span> <span class='ocrx_word' id='word_1_263' title='bbox 862 3899 1043 3963; x_wconf 86' lang='lat' dir='ltr'>transibant.</span> <span class='ocrx_word' id='word_1_264' title='bbox 1087 3898 1142 3963; x_wconf 92' lang='lat' dir='ltr'>ubi</span> <span class='ocrx_word' id='word_1_265' title='bbox 1159 3920 1217 3983; x_wconf 92' lang='lat' dir='ltr'>per</span> <span class='ocrx_word' id='word_1_266' title='bbox 1233 3919 1289 3960; x_wconf 84' lang='lat' dir='ltr'>cx·</span> 
     </span>
     <span class='ocr_line' id='line_1_35' title="bbox 265 3991 1286 4076; baseline 0.001 -24"><span class='ocrx_word' id='word_1_267' title='bbox 265 3991 436 4074; x_wconf 89' lang='lat' dir='ltr'>ploratores</span> <span class='ocrx_word' id='word_1_268' title='bbox 460 3992 579 4057; x_wconf 86' lang='lat' dir='ltr'>Cacsar</span> <span class='ocrx_word' id='word_1_269' title='bbox 600 3993 711 4057; x_wconf 89' lang='lat' dir='ltr'>certior</span> <span class='ocrx_word' id='word_1_270' title='bbox 737 3992 839 4058; x_wconf 86' lang='lat' dir='ltr'>factus</span> <span class='ocrx_word' id='word_1_271' title='bbox 866 4006 928 4069; x_wconf 89' lang='lat' dir='ltr'>est,</span> <span class='ocrx_word' id='word_1_272' title='bbox 956 4005 1018 4058; x_wconf 91' lang='lat' dir='ltr'>tres</span> <span class='ocrx_word' id='word_1_273' title='bbox 1040 3993 1102 4057; x_wconf 90' lang='lat' dir='ltr'>iam</span> <span class='ocrx_word' id='word_1_274' title='bbox 1125 3991 1286 4076; x_wconf 85' lang='lat' dir='ltr'>copiarum</span> 
     </span>
     <span class='ocr_line' id='line_1_36' title="bbox 265 4084 1288 4171; baseline 0.004 -27"><span class='ocrx_word' id='word_1_275' title='bbox 265 4096 368 4167; x_wconf 87' lang='lat' dir='ltr'>partes</span> <span class='ocrx_word' id='word_1_276' title='bbox 387 4084 551 4150; x_wconf 85' lang='lat' dir='ltr'>Helvetios</span> <span class='ocrx_word' id='word_1_277' title='bbox 569 4086 600 4149; x_wconf 92' lang='lat' dir='ltr'>id</span> <span class='ocrx_word' id='word_1_278' title='bbox 619 4087 735 4151; x_wconf 86' lang='lat' dir='ltr'>flurrrcn</span> <span class='ocrx_word' id='word_1_279' title='bbox 753 4087 942 4163; x_wconf 84' lang='lat' dir='ltr'>traduxisse,</span> <span class='ocrx_word' id='word_1_280' title='bbox 968 4097 1110 4171; x_wconf 89' lang='lat' dir='ltr'>quartam</span> <span class='ocrx_word' id='word_1_281' title='bbox 1132 4086 1199 4151; x_wconf 80' lang='lat' dir='ltr'>scre</span> <span class='ocrx_word' id='word_1_282' title='bbox 1217 4106 1288 4169; x_wconf 90' lang='lat' dir='ltr'>par·</span> 
     </span>
     <span class='ocr_line' id='line_1_37' title="bbox 266 4177 1288 4265; baseline 0.004 -28"><span class='ocrx_word' id='word_1_283' title='bbox 266 4188 328 4238; x_wconf 88' lang='lat' dir='ltr'>tem</span> <span class='ocrx_word' id='word_1_284' title='bbox 347 4177 423 4240; x_wconf 88' lang='lat' dir='ltr'>citra</span> <span class='ocrx_word' id='word_1_285' title='bbox 440 4178 554 4242; x_wconf 85' lang='lat' dir='ltr'>flurucn</span> <span class='ocrx_word' id='word_1_286' title='bbox 573 4180 699 4245; x_wconf 87' lang='lat' dir='ltr'>Ararim</span> <span class='ocrx_word' id='word_1_287' title='bbox 721 4181 872 4263; x_wconf 88' lang='lat' dir='ltr'>reliquam</span> <span class='ocrx_word' id='word_1_288' title='bbox 895 4204 979 4258; x_wconf 85' lang='lat' dir='ltr'>csse,</span> <span class='ocrx_word' id='word_1_289' title='bbox 1005 4181 1044 4244; x_wconf 89' lang='lat' dir='ltr'>de</span> <span class='ocrx_word' id='word_1_290' title='bbox 1067 4180 1157 4243; x_wconf 89' lang='lat' dir='ltr'>tertia</span> <span class='ocrx_word' id='word_1_291' title='bbox 1179 4178 1288 4265; x_wconf 78' lang='lat' dir='ltr'>vigilia</span> 
     </span>
     <span class='ocr_line' id='line_1_38' title="bbox 267 4270 1286 4360; baseline 0.005 -29"><span class='ocrx_word' id='word_1_292' title='bbox 267 4292 338 4332; x_wconf 88' lang='lat' dir='ltr'>cum</span> <span class='ocrx_word' id='word_1_293' title='bbox 357 4270 532 4355; x_wconf 81' lang='lat' dir='ltr'>legionibus</span> <span class='ocrx_word' id='word_1_294' title='bbox 552 4274 650 4340; x_wconf 88' lang='lat' dir='ltr'>tribus</span> <span class='ocrx_word' id='word_1_295' title='bbox 669 4300 686 4340; x_wconf 91' lang='lat' dir='ltr'>e</span> <span class='ocrx_word' id='word_1_296' title='bbox 705 4276 814 4340; x_wconf 88' lang='lat' dir='ltr'>castris</span> <span class='ocrx_word' id='word_1_297' title='bbox 838 4276 998 4360; x_wconf 88' lang='lat' dir='ltr'>profectus</span> <span class='ocrx_word' id='word_1_298' title='bbox 1016 4276 1057 4339; x_wconf 91' lang='lat' dir='ltr'>ad</span> <span class='ocrx_word' id='word_1_299' title='bbox 1075 4297 1144 4338; x_wconf 89' lang='lat' dir='ltr'>cam</span> <span class='ocrx_word' id='word_1_300' title='bbox 1166 4283 1286 4359; x_wconf 85' lang='lat' dir='ltr'>partem</span> 
     </span>
     <span class='ocr_line' id='line_1_39' title="bbox 267 4364 1286 4453; baseline 0.003 -26"><span class='ocrx_word' id='word_1_301' title='bbox 267 4364 420 4448; x_wconf 84' lang='lat' dir='ltr'>pervenit,</span> <span class='ocrx_word' id='word_1_302' title='bbox 443 4388 523 4447; x_wconf 82' lang='lat' dir='ltr'>qrrao</span> <span class='ocrx_word' id='word_1_303' title='bbox 541 4370 679 4433; x_wconf 89' lang='lat' dir='ltr'>nondum</span> <span class='ocrx_word' id='word_1_304' title='bbox 698 4370 814 4434; x_wconf 85' lang='lat' dir='ltr'>ssr&#39;rmcn</span> <span class='ocrx_word' id='word_1_305' title='bbox 833 4372 1005 4436; x_wconf 84' lang='lat' dir='ltr'>transierat.</span> <span class='ocrx_word' id='word_1_306' title='bbox 1046 4392 1101 4435; x_wconf 91' lang='lat' dir='ltr'>cos</span> <span class='ocrx_word' id='word_1_307' title='bbox 1119 4368 1286 4453; x_wconf 88' lang='lat' dir='ltr'>impeditos</span> 
     </span>
     <span class='ocr_line' id='line_1_40' title="bbox 267 4458 1285 4551; baseline 0.006 -31"><span class='ocrx_word' id='word_1_308' title='bbox 267 4468 298 4521; x_wconf 89' lang='lat' dir='ltr'>et</span> <span class='ocrx_word' id='word_1_309' title='bbox 315 4458 508 4543; x_wconf 86' lang='lat' dir='ltr'>inopinantes</span> <span class='ocrx_word' id='word_1_310' title='bbox 521 4483 689 4545; x_wconf 82' lang='lat' dir='ltr'>aggressus</span> <span class='ocrx_word' id='word_1_311' title='bbox 707 4488 854 4550; x_wconf 86' lang='lat' dir='ltr'>magnam</span> <span class='ocrx_word' id='word_1_312' title='bbox 873 4490 979 4530; x_wconf 87' lang='lat' dir='ltr'>corum</span> <span class='ocrx_word' id='word_1_313' title='bbox 998 4476 1119 4551; x_wconf 91' lang='lat' dir='ltr'>partem</span> <span class='ocrx_word' id='word_1_314' title='bbox 1138 4462 1285 4528; x_wconf 87' lang='lat' dir='ltr'>concidit:</span> 
     </span>
     <span class='ocr_line' id='line_1_41' title="bbox 268 4552 1286 4646; baseline 0.004 -30"><span class='ocrx_word' id='word_1_315' title='bbox 268 4552 377 4637; x_wconf 91' lang='lat' dir='ltr'>reliqui</span> <span class='ocrx_word' id='word_1_316' title='bbox 404 4553 498 4640; x_wconf 79' lang='lat' dir='ltr'>fugae</span> <span class='ocrx_word' id='word_1_317' title='bbox 526 4578 595 4620; x_wconf 86' lang='lat' dir='ltr'>sese</span> <span class='ocrx_word' id='word_1_318' title='bbox 622 4558 809 4623; x_wconf 88' lang='lat' dir='ltr'>mandarunt</span> <span class='ocrx_word' id='word_1_319' title='bbox 835 4570 928 4644; x_wconf 88' lang='lat' dir='ltr'>atquc</span> <span class='ocrx_word' id='word_1_320' title='bbox 950 4559 982 4624; x_wconf 88' lang='lat' dir='ltr'>in</span> <span class='ocrx_word' id='word_1_321' title='bbox 1007 4558 1167 4646; x_wconf 81' lang='lat' dir='ltr'>proximas</span> <span class='ocrx_word' id='word_1_322' title='bbox 1189 4556 1286 4623; x_wconf 83' lang='lat' dir='ltr'>silvas</span> 
     </span>
    </p>
   </div>
   <div class='ocr_carea' id='block_1_3' title="bbox 0 0 1374 5272">
    <p class='ocr_par' dir='ltr' id='par_1_5' title="bbox 0 0 1374 5272">
     <span class='ocr_line' id='line_1_42' title="bbox 0 0 1374 5272; baseline 0 0"><span class='ocrx_word' id='word_1_323' title='bbox 0 0 1374 5272; x_wconf 95' lang='lat' dir='ltr'> </span> 
     </span>
    </p>
   </div>
  </div>
 </body>
</html>
