2738 5272
255 765 318 831 216
593 777 645 832 DE
662 776 789 832 BELLO
808 775 927 834 CIVILI

221 900 469 970 rMassilienses
486 910 557 984 post
575 900 717 985 superius
739 900 969 966 incommedum
991 909 1111 965 veteres
1133 899 1177 964 ad
1199 922 1282 964 eun-

255 997 327 1061 dem
352 1016 514 1059 numerum
537 1017 576 1058 ex
602 993 764 1059 navalibus
790 994 957 1079 productas
983 994 1073 1059 navis
1098 992 1281 1059 refecerant

255 1111 437 1172 summaque
454 1088 606 1152 industria
623 1099 816 1153 armaverant
834 1087 1010 1174 (remigum,
1028 1086 1281 1174 gubernatorum

255 1207 369 1270 magna
385 1182 475 1268 copia
496 1182 694 1268 suppetebat)
715 1182 960 1267 piscatoriasque
981 1182 1158 1246 adiecerant
1181 1191 1280 1264 atque

254 1285 466 1353 contexerant,
493 1285 528 1339 ut
545 1284 650 1340 essent
671 1274 711 1340 ab
728 1276 793 1340 ictu
809 1275 941 1340 telorum
962 1275 1096 1360 remiges
1115 1274 1190 1339 tuti:
1216 1274 1280 1340 has

255 1370 422 1456 sagittariis
440 1370 662 1452 tormentisque
680 1369 921 1455 compleverunt.
948 1369 1003 1434 tali
1016 1369 1108 1434 modo
1121 1368 1281 1434 instructa

254 1465 354 1530 classe
372 1464 511 1528 omnium
529 1463 694 1540 seniorum,
713 1474 847 1528 matrum
864 1462 1010 1540 familiae,
1029 1462 1188 1547 virginum
1205 1485 1281 1548 pre-

254 1557 343 1623 cibus
361 1568 392 1622 et
408 1556 483 1621 fletu
500 1556 639 1634 excitati,
666 1568 804 1621 extremo
827 1566 965 1641 tempore
987 1556 1104 1620 civitati
1126 1555 1280 1620 subveni·

254 1660 335 1729 rent,
362 1673 424 1715 non
440 1651 558 1715 minore
575 1650 679 1714 animo
696 1671 733 1715 ao
750 1650 877 1725 fiducia,
904 1672 999 1733 quam
1016 1658 1087 1713 ante
1105 1648 1280 1714 dimicave-

255 1755 333 1823 rant,
351 1767 448 1810 naves
466 1745 686 1810 conscendunt.
722 1744 878 1809 communi
896 1745 976 1808 enirn
994 1744 1029 1807 fit
1046 1743 1121 1806 vitio
1134 1753 1280 1820 naturae,

253 1851 289 1903 ut
305 1839 415 1904 invisis
433 1848 526 1923 atque
542 1838 708 1924 incognitis
731 1837 825 1903 rebus
843 1838 944 1923 magis
967 1836 1159 1902 confidamus
1179 1837 1281 1901 vehe-

255 1933 450 2015 mentiusque
467 1943 690 2009 exterreamur3
713 1943 747 1996 ut
765 1943 831 1996 tum
853 1932 974 1996 accidit.
1019 1931 1171 1995 adventus
1191 1931 1279 1995 enim

254 2024 295 2089 L.
304 2023 425 2090 Nasidii
443 2048 564 2090 summa
582 2047 637 2110 spe
655 2036 686 2090 et
703 2025 860 2090 voluntate
879 2025 1034 2090 civitatem
1053 2023 1277 2108 compleverat.

254 2118 337 2182 nacti
353 2118 499 2182 idoneum
512 2128 639 2182 ventum
653 2140 692 2182 ex
704 2129 796 2203 portu
810 2127 924 2183 exeunt
937 2129 968 2182 et
981 2117 1169 2194 Tauroenta,
1190 2118 1281 2200 quod

215 2252 221 2259 -
255 2222 303 2276 est
320 2210 481 2277 castellum
497 2211 757 2290 Massiliensium,
776 2213 817 2277 ad
833 2212 996 2278 Nasidium
1014 2211 1201 2297 perveniunt
1218 2212 1281 2277 ibi·

255 2325 316 2387 que
332 2326 428 2368 naves
447 2305 614 2388 expediunt
631 2328 801 2389 rursusque
819 2328 854 2370 se
871 2306 912 2369 ad
925 2305 1155 2390 confligendum
1168 2305 1280 2370 animo

255 2397 437 2462 confirmant
463 2408 493 2462 ct
519 2399 647 2464 consilia
672 2400 910 2464 communicant.
954 2400 1063 2463 dextra
1088 2421 1160 2483 pars
1190 2400 1280 2463 attri-

222 2491 360 2558 5buitur
384 2490 651 2569 Massiliensibus,
684 2494 808 2558 sinistra
832 2493 971 2557 Nasidio.
1020 2493 1129 2557 eodem
1155 2492 1279 2557 Brutus

256 2587 412 2651 contendit
429 2598 521 2651 aucto
539 2588 664 2651 narium
681 2610 818 2653 numero.
845 2611 918 2652 nam
936 2588 976 2652 ad
994 2610 1056 2664 cas,
1075 2608 1154 2671 quae
1172 2586 1279 2650 factae

255 2692 341 2745 erant
358 2679 486 2746 Arelate
508 2703 563 2767 per
581 2681 763 2759 Caesarem,
791 2683 931 2767 captivae
953 2681 1203 2745 Massiliensium
1226 2703 1281 2745 ao-

255 2785 412 2840 cesserant
435 2798 499 2840 sex.
548 2775 605 2840 has
633 2775 843 2861 superioribus
869 2774 979 2839 diebus
1005 2774 1154 2839 refecerat
1180 2785 1280 2856 atque

255 2868 400 2933 omnibus
417 2869 510 2934 rebus
528 2871 726 2935 instruxerat.
770 2870 874 2953 itaque
893 2891 967 2933 suos
986 2869 1172 2944 cohortatus,
1192 2890 1277 2951 quos

255 2963 392 3047 integros
411 2965 641 3047 superavissent
658 2974 693 3028 ut
710 2965 809 3029 victos
824 2972 1061 3040 contemnerent,
1080 2962 1191 3048 plenus
1207 2963 1278 3047 spei

255 3053 355 3119 bonae
373 3065 465 3138 atque
483 3057 577 3120 animi
595 3058 745 3122 adversus
768 3079 822 3122 eos
839 3057 1053 3142 proficiscitur.
1098 3055 1190 3120 facile
1210 3067 1280 3120 erat

255 3170 295 3211 cx
321 3150 429 3213 castris
453 3148 490 3213 C.
514 3150 651 3215 Treboni
678 3160 770 3232 atque
793 3151 936 3215 omnibus
964 3149 1173 3234 superioribus
1195 3148 1279 3215 locis

254 3240 430 3324 prospicere
448 3242 480 3304 in
497 3242 619 3319 urbem,
646 3254 682 3306 ut
704 3244 804 3308 omnis
827 3245 984 3321 iuventus,
1012 3243 1141 3327 quaein
1159 3243 1279 3328 oppido

255 3332 394 3397 excubiis
412 3336 622 3419 custodiisque
639 3347 838 3414 remanserat,
857 3360 1027 3421 omnesque
1041 3335 1210 3421 superioris
1225 3360 1281 3401 ae-

255 3426 326 3489 tatis
345 3448 415 3490 cum
429 3427 534 3492 liberis
556 3440 649 3512 atque
670 3430 820 3495 uxoribus
843 3442 896 3494 aut
919 3453 959 3495 ex
980 3453 1068 3495 muro
1091 3429 1130 3493 ad
1153 3428 1281 3494 caelum

255 3542 365 3584 manus
385 3522 552 3600 tenderent,
572 3534 625 3588 aut
642 3525 758 3610 templa
775 3526 904 3590 deorum
921 3525 1139 3590 immortalium
1154 3524 1282 3591 adirent

254 3623 286 3678 et
306 3625 378 3679 ante
399 3616 564 3681 simulacra
584 3619 712 3703 proiecti
738 3621 898 3684 victoriam
919 3619 959 3684 ab
985 3620 1034 3683 dis
1061 3631 1280 3702 exposcerent.

255 3730 356 3791 neque
374 3719 439 3774 crat
455 3711 619 3795 quisquam
637 3714 784 3791 omnium,
803 3714 879 3797 quin
896 3713 928 3776 in
946 3714 1012 3777 eius
1031 3713 1093 3777 diei
1110 3734 1187 3776 casu
1202 3736 1279 3777 sua-

254 3825 323 3866 rum
342 3804 480 3868 omnium
502 3805 696 3871 fortunarum
718 3819 863 3872 eventum
882 3809 1050 3873 consistere
1072 3807 1279 3872 existimaret.

254 3920 327 3960 nam
345 3909 376 3962 et
393 3899 515 3963 honesti
532 3922 572 3963 ex
584 3900 743 3965 iuventute
758 3911 789 3965 et
802 3902 952 3985 cuiusque
966 3902 1075 3966 aetatis
1089 3899 1280 3984 amplissimi

254 3991 437 4055 nominatim
463 3994 583 4056 evocati
609 4004 703 4077 atquc
729 3994 882 4060 obsecrati
903 3996 992 4060 navis
1020 3994 1279 4071 conscenderant,

254 4093 298 4160 ut,
317 4085 344 4148 si
362 4087 436 4169 quid
450 4087 572 4151 adversi
585 4089 758 4166 accidisset,
777 4111 816 4153 ne
829 4090 869 4153 nd
883 4090 1058 4154 conandum
1073 4088 1201 4172 quidem
1215 4089 1280 4154 sibi

255 4177 421 4259 quicquam
437 4181 547 4265 reliqui
565 4181 630 4245 fore
649 4182 802 4260 viderent3
830 4183 857 4246 si
875 4184 1121 4266 superavissent,
1144 4181 1196 4246 vel
1218 4182 1280 4246 do·

256 4270 393 4335 mesticis
415 4273 526 4356 opibus
548 4274 598 4338 vel
619 4276 754 4341 externis
777 4275 899 4340 auxiliis
917 4277 956 4340 de
979 4276 1078 4341 salute
1095 4274 1182 4340 urbis
1201 4296 1279 4339 con·

223 4362 393 4429 ofidcrent.
437 4369 603 4434 commisso
628 4371 745 4454 proelio
766 4370 1018 4437 Massiliensibus
1044 4393 1095 4435 res
1120 4368 1208 4434 nulla
1234 4370 1277 4433 ad

255 4456 399 4520 virtutem
416 4458 527 4538 defuit;
556 4462 611 4526 sed
628 4486 780 4529 memores
798 4487 903 4529 eorum
922 4474 1169 4550 praeceptorum,
1192 4484 1276 4547 quae

255 4549 348 4634 paulo
365 4562 436 4617 ante
453 4552 493 4618 ab
512 4555 577 4620 suis
594 4567 790 4643 acceperant,
808 4557 869 4623 hoc
886 4559 988 4623 animo
1006 4556 1219 4633 decertabant,
1237 4566 1276 4620 ut
