2692 5206
499 782 616 839 COMM.
635 785 657 837 l.
674 783 793 838 sa-st.
1094 773 1157 837 ‘201

106 905 287 974 loeuerat.
315 908 439 972 carinae
456 930 493 972 ae
510 907 610 991 prima
629 907 797 971 statumina
809 905 871 971 levi
884 909 1013 974 materia
1025 907 1156 986 fiebant:

106 1001 283 1086 reliquum
300 1024 415 1087 eorpus
433 1001 560 1066 navium
578 1000 747 1066 viminibus
766 1009 947 1065 contextum
969 1003 1060 1067 coriis
1078 1002 1158 1066 inte-

108 1095 272 1180 gebatur.
307 1095 366 1160 bas
384 1095 539 1180 perfectas
562 1095 657 1159 carris
679 1095 794 1158 iunctis
817 1094 942 1158 devehit
959 1106 1054 1160 noctu
1072 1095 1159 1160 milia

112 1208 282 1272 passuum
303 1213 324 1253 a
345 1190 456 1253 eastris
478 1188 587 1253 XXII
609 1189 785 1271 militesque
811 1188 861 1253 his
887 1189 1019 1255 naribus
1042 1190 1158 1255 flumen

120 1291 321 1368 transportat
341 1284 612 1365 continentemque
635 1283 721 1366 ripae
744 1281 854 1346 collem
876 1282 1046 1368 improviso
1065 1305 1158 1348 occu-

129 1385 198 1458 pat.
230 1377 313 1441 huno
336 1377 490 1455 celeriter,
518 1378 700 1461 priusquam
723 1376 762 1440 ab
787 1376 973 1441 adversariis
997 1377 1157 1455 sentiatur,

137 1471 310 1535 communit.
351 1471 414 1536 huc
438 1471 598 1556 legionem
611 1482 721 1555 postea
743 1470 843 1535 traicit
859 1481 953 1554 atque
971 1493 1011 1535 cx
1028 1483 1158 1555 utraque

141 1575 221 1646 parte
239 1576 368 1650 pontem
390 1567 537 1643 instituit,
564 1565 661 1630 biduo
682 1566 812 1650 perficit.
848 1566 891 1630 ita
913 1578 1105 1632 commeatus
1128 1577 1159 1632 et
1263 1637 1266 1642 ,

147 1658 193 1738 qui
207 1659 351 1724 frumenti
369 1682 465 1725 causa
481 1670 697 1745 processerant
715 1671 782 1724 tuto
803 1660 844 1724 ad
862 1682 899 1725 se
916 1660 1025 1746 recipit
1044 1670 1075 1725 et
1091 1683 1158 1725 rem

151 1748 367 1817 tumentariam
381 1754 526 1839 expedire
536 1754 652 1838 incipit.
672 1754 781 1818 eodem
795 1754 845 1818 die
859 1754 998 1837 equitum
1011 1777 1158 1840 magnam
1177 1774 1209 1822 55

154 1858 252 1926 pacm
269 1847 386 1912 llumen
404 1848 533 1912 traiecit.
561 1849 615 1931 qui
632 1847 820 1931 inopinantis
834 1847 1034 1932 pabulatores
1047 1859 1079 1913 et
1092 1848 1159 1913 sine

156 1936 203 2003 ullo
217 1941 382 2027 dissipatos
401 1942 510 2006 timore
528 1942 670 2027 aggressi
688 1964 839 2026 magnum
856 1964 1022 2006 numerum
1039 1943 1159 2008 iumen·

156 2040 235 2099 tanim
251 2047 345 2119 atque
364 2037 524 2101 hominum
548 2036 747 2120 intercipiunt
769 2035 1010 2119 cohortibusque
1033 2036 1158 2101 cetratis

158 2126 272 2194 subsidio
294 2127 399 2195 missis
424 2131 557 2194 scienter
581 2130 614 2193 in
640 2131 718 2194 duas
741 2139 844 2214 partes
867 2151 937 2195 sese
959 2129 1157 2208 distribuunt,

158 2219 194 2284 ilii
207 2233 236 2286 nt
252 2225 386 2308 praedae
404 2224 560 2310 praesidio
579 2224 654 2301 sint,
674 2224 726 2288 alii
744 2235 778 2288 ut
795 2224 993 2289 venientibus
1011 2225 1158 2289 resistant

158 2324 225 2398 atque
234 2340 288 2382 eos
301 2319 485 2404 propellant,
504 2340 660 2400 unamque
675 2318 842 2395 cohortem,
861 2340 941 2402 quae
956 2330 1072 2384 temere
1086 2329 1157 2383 ante

158 2418 250 2474 ateias
268 2426 357 2477 erma
374 2413 473 2477 aciem
491 2422 697 2497 procurreret,
722 2412 876 2476 seclusam
894 2411 934 2477 ab
951 2412 1079 2496 reliquis
1097 2413 1156 2477 eir-

159 2506 334 2571 eamreniunt
355 2518 448 2589 atque
471 2507 660 2571 interficiunt
684 2506 918 2589 incolumesque
945 2529 1016 2571 cum
1042 2529 1157 2593 magna

158 2598 248 2677 pracda
264 2600 375 2664 eodem
394 2611 487 2685 ponte
505 2601 538 2664 in
556 2612 658 2664 castra
673 2609 879 2664 revertuntur.

202 2692 284 2758 Dum
306 2695 384 2759 haee
407 2694 447 2759 ad
463 2694 600 2760 Ilerdam
622 2705 785 2779 geruntur,
808 2694 1025 2759 Massilienses
1048 2695 1097 2758 usi
1114 2694 1155 2759 L.
1177 2713 1208 2761 56

157 2778 265 2852 Domitii
286 2789 418 2853 oonsilio
443 2790 533 2853 navis
559 2790 670 2874 longas
698 2788 867 2872 expediunt
894 2810 1022 2852 numero
1043 2787 1157 2864 XVII,

157 2894 264 2956 quarum
286 2893 375 2947 erant
391 2883 445 2946 XI
463 2892 572 2947 tectae.
613 2881 712 2945 multa
733 2882 795 2946 hue
816 2882 936 2945 minora
957 2881 1083 2967 navigia
1104 2881 1159 2945 ad-

156 2967 222 3049 dunt,
238 2985 272 3039 ut
284 2975 354 3061 ipsa
367 2977 564 3040 multitudine
578 2989 686 3040 nostra
699 2975 808 3040 elassis
823 2986 981 3040 terreatur.
1008 2997 1158 3061 magnum

156 3084 296 3133 numerum
314 3070 559 3155 sagittariorum,
587 3093 736 3156 magnum
754 3069 954 3147 Albicorum,
982 3070 1021 3134 de
1043 3068 1157 3152 quibus

157 3178 230 3243 supra
241 3163 486 3228 demonstratum
500 3175 557 3242 est,
576 3166 739 3249 imponunt
753 3175 846 3249 atque
859 3165 917 3229 hos
932 3165 1078 3251 praemiis
1091 3163 1158 3249 pol-

156 3248 414 3341 liritationibusque
432 3259 571 3323 incitant.
607 3270 707 3324 certas
730 3259 790 3323 sibi
813 3259 953 3344 deposcit
975 3280 1071 3324 naves
1089 3257 1159 3323 Do-

156 3346 239 3414 mitius
260 3363 354 3435 atque
376 3353 433 3416 bas
456 3353 574 3417 colonis
596 3353 849 3438 pastoribusque,
877 3375 956 3437 quos
980 3373 1085 3417 seeum
1103 3352 1159 3416 ad-

156 3435 273 3522 duxerat,
286 3446 431 3530 complet.
451 3447 496 3511 sic
505 3446 649 3510 omnibus
664 3447 757 3512 rebus
771 3448 921 3511 instructa
931 3447 1030 3511 classe
1044 3469 1159 3531 magna

157 3528 295 3602 fiduciaad
310 3550 433 3605 nostras
443 3563 539 3605 naves
553 3541 734 3627 procedunt,
749 3541 862 3624 quibus
877 3539 1158 3625 praeeratD.Bru·

157 3634 203 3691 tus
223 3629 279 3696 bae
297 3633 339 3696 ad
355 3633 500 3710 insulam,
519 3656 599 3717 quae
617 3645 665 3699 est
682 3644 789 3699 contra
801 3634 987 3711 Massiliam,
1007 3633 1156 3696 stationes

158 3715 325 3791 obtinebant.
365 3738 431 3791 erat
452 3728 550 3792 multo
571 3728 699 3792 inferior
724 3751 852 3792 numero
875 3728 1001 3793 navium
1023 3725 1156 3803 Brutus3
1177 3748 1208 3793 st

158 3813 201 3877 sed
214 3817 323 3886 eleetos
342 3842 382 3885 ex
399 3821 544 3886 omnibus
562 3820 739 3908 legionibus
754 3822 941 3886 fortissimos
960 3821 1052 3896 viros,
1072 3828 1158 3884 ante-

158 3903 293 4010 flgnanos,
308 3916 514 3992 centuriones,
535 3914 656 3980 Caesar
670 3917 699 3980 ei
713 3916 807 3980 classi
821 3916 1010 3992 attribuerat,
1030 3915 1083 3998 qui
1097 3913 1157 3978 sibi

157 3996 321 4074 ldmuneris
340 4010 595 4095 depoposcerunt.
626 4010 787 4074 bimanus
806 4011 922 4075 ferreas
940 4020 1033 4092 atque
1046 4008 1158 4094 harpa-

155 4112 234 4177 gones
251 4115 436 4187 paraverant
453 4126 630 4190 magnoque
648 4127 777 4169 numero
794 4104 942 4190 pilorum,
966 4104 1157 4190 tragularum

154 4187 385 4280 &liquorumque
395 4197 525 4262 telorum
540 4220 574 4262 se
588 4198 805 4263 instruxerant.
829 4199 872 4262 ita
881 4198 1006 4283 cognito
1020 4198 1157 4263 hostium

153 4284 269 4356 adventu
287 4315 363 4358 suas
380 4315 477 4358 naves
495 4316 535 4358 ex
553 4304 643 4378 portu
657 4294 801 4371 educunt,
821 4314 892 4357 eum
905 4292 1156 4359 Massiliensibus

152 4382 314 4471 confligunt
347 4397 522 4474 pugnatum
539 4397 587 4451 cst
605 4388 759 4470 utrimque
777 4386 944 4452 fortissimo
963 4395 1055 4470 atque
1073 4409 1157 4452 acer-

150 4471 228 4543 rime:
251 4502 355 4565 neque
373 4482 506 4546 multum
524 4481 632 4546 Albici
650 4482 762 4546 nostris
781 4482 893 4546 virtute
912 4481 1076 4557 cedebant,
1102 4480 1157 4543 ho-

147 4568 235 4639 mines
248 4575 350 4661 asperi
363 4587 395 4641 et
407 4577 555 4655 montani,
570 4577 728 4641 exercitati
742 4577 773 4640 in
787 4577 896 4654 armis3
914 4587 1007 4661 atque
1020 4575 1053 4639 hi
1065 4573 1158 4638 modo
