2692 5206
454 789 569 846 COllld.
589 790 625 845 H.
643 789 708 844 24-
719 790 761 845 28.
1076 776 1117 840 39

96 914 279 980 novissimis
304 914 358 977 uni
385 913 474 978 militi
496 915 647 990 detracto,
675 914 759 996 quod
780 914 848 997 ipse
875 935 912 977 co
939 913 1006 977 sine
1029 924 1117 977 scuto

95 1019 239 1086 venerat,
262 1009 295 1073 in
312 1008 444 1092 primam
461 1007 560 1072 aciem
576 1008 728 1092 processit
751 1007 1044 1091 centurionibusque
1063 1031 1117 1071 no-

96 1103 240 1168 minatim
262 1102 424 1187 appellatis
450 1102 586 1184 reliquos
610 1101 787 1166 cohortatus
814 1101 927 1166 milites
955 1102 1045 1188 signa
1070 1102 1117 1165 in-

95 1198 180 1263 ferre
202 1209 233 1262 et
254 1197 428 1282 manipulos
449 1196 554 1261 laxare
575 1196 680 1273 iussit,
708 1218 770 1279 quo
792 1197 915 1261 facilius
938 1198 1050 1282 gladiis
1072 1198 1117 1261 uti

94 1303 237 1378 possent.
265 1292 353 1356 euius
370 1291 506 1356 adventu
524 1313 580 1375 spe
597 1291 683 1355 illata
696 1291 844 1356 militibus
859 1313 896 1355 ac
908 1292 1117 1378 redintegrato

95 1387 215 1462 animo,
233 1407 305 1450 cum
321 1407 377 1470 pro
395 1407 429 1450 se
443 1386 575 1468 quisque
588 1385 621 1448 in
634 1396 803 1471 conspectu
815 1387 1010 1471 imperatoris
1025 1388 1117 1451 etiam

95 1480 132 1544 in
153 1480 299 1544 extremis
323 1480 387 1543 suis
408 1478 503 1544 rebus
529 1501 656 1563 operam
681 1502 795 1544 navare
822 1491 962 1565 cuperet,
989 1481 1117 1565 paulum

96 1574 235 1638 hostiurn
253 1573 386 1658 impetus
404 1573 543 1637 tardatus
562 1583 619 1637 cst.
653 1572 781 1650 Caesar,
801 1597 872 1638 curn
891 1575 1056 1659 septimam
1074 1576 1117 1638 le·
1136 1596 1168 1641 t·

95 1669 238 1753 gionem,
265 1688 345 1750 quae
363 1667 450 1730 iuxta
468 1667 660 1745 constiterat,
687 1669 762 1732 item
780 1668 885 1753 urgeri
908 1667 948 1731 ab
966 1667 1055 1732 hoste
1074 1670 1118 1732 vi-
1146 1672 1149 1678 ‘

95 1762 206 1838 disset,
223 1760 363 1826 tribunos
381 1761 514 1825 militum
532 1763 660 1838 monuit,
679 1773 713 1825 ut
730 1762 881 1846 paulatim
895 1784 964 1826 sese
978 1761 1117 1848 legiones

96 1856 322 1941 coniungerent
343 1866 374 1919 et
391 1878 541 1920 conversa
563 1856 654 1941 signa
674 1857 707 1919 in
724 1857 831 1920 hostes
853 1855 1011 1920 inferrent.
1055 1879 1117 1939 quo

95 1953 271 2017 saetacum
289 1951 368 2016 alius
387 1951 440 2015 alii
458 1950 632 2016 subsidium
649 1951 757 2028 ferret,
775 1972 876 2034 neque
899 1951 1055 2027 timerent,
1078 1973 1118 2015 no

95 2045 201 2111 aversi
226 2045 266 2110 ab
293 2045 383 2110 hoste
404 2045 711 2123 circumvenirentur,
739 2045 888 2110 audacius
915 2045 1059 2110 resistere
1081 2068 1118 2108 ac

95 2139 209 2205 fortius
226 2160 367 2225 pugnare
384 2148 561 2225 coeperunt.
597 2140 720 2204 interim
737 2140 851 2204 milites
869 2139 1028 2225 legionum
1041 2140 1118 2203 dua-

95 2256 181 2310 rum,
208 2233 344 2316 quaein
369 2233 540 2297 novissimo
562 2234 685 2319 agmine
711 2234 866 2318 praesidio
888 2233 1117 2318 impedimentis

93 2327 230 2404 fuerant,
248 2327 366 2412 proelio
382 2328 523 2392 nuntiato
542 2350 635 2392 eursu
652 2329 777 2392 incitato
795 2328 827 2391 in
845 2351 968 2393 summo
986 2327 1063 2392 colle
1078 2327 1117 2392 ab

95 2420 242 2487 hostibus
259 2421 538 2506 conspiciebantur,
556 2431 587 2485 et
605 2420 643 2485 T.
662 2421 834 2498 Labienus,
854 2422 963 2486 eastris
981 2421 1117 2486 hostium

94 2515 214 2600 potitus
237 2525 269 2578 et
290 2536 329 2578 ex
350 2514 419 2579 loco
441 2515 612 2599 superiore,
639 2537 719 2598 quae
741 2538 790 2579 res
812 2515 845 2578 in
867 2516 980 2579 nostris
1007 2517 1117 2579 castris

95 2618 289 2695 gererentur,
308 2610 505 2694 conspicatus
519 2608 670 2674 decimam
679 2608 835 2694 legionem
850 2608 990 2672 subsidio
1004 2610 1117 2672 nostris

94 2705 190 2769 misit.
237 2704 291 2788 qui
309 2726 380 2768 cum
398 2727 438 2768 ex
456 2704 595 2787 equitum
613 2715 644 2767 et
661 2704 805 2768 calonum
822 2703 909 2788 fuga,
928 2725 990 2785 quo
1003 2703 1036 2765 in
1049 2704 1118 2766 loco

95 2820 145 2864 res
164 2809 264 2875 essct,
291 2809 468 2881 quantoque
485 2799 518 2861 in
535 2797 673 2883 periculo
696 2807 727 2861 et
749 2807 851 2860 castra
873 2808 904 2860 et
925 2797 1064 2880 legiones
1088 2808 1119 2859 et

94 2894 267 2978 imperator
287 2903 475 2969 versaretur,
503 2892 737 2978 cognovissent,
764 2890 841 2953 nihil
863 2890 904 2954 ad
931 2889 1120 2954 celeritatem

95 2987 156 3052 sibi
178 2987 292 3071 reliqui
313 2986 462 3051 fecerunt.
506 2987 617 3050 horum
640 2986 776 3049 adventu
800 2993 886 3048 tanta
907 3006 1012 3048 rerum
1034 3005 1119 3048 eom·
1137 3004 1168 3049 27

94 3082 228 3146 mutatio
246 3090 295 3146 cst
312 3080 409 3158 faeta,
433 3092 467 3145 ut
484 3083 581 3146 nostri
599 3082 692 3145 ctiam
710 3080 764 3162 qui
786 3077 966 3142 vulneribus
985 3078 1119 3142 confecti

95 3174 352 3260 procubuissent,
376 3176 472 3240 scutis
489 3176 587 3239 innixi
605 3175 756 3260 proelium
774 3173 1033 3258 redintegrarent,
1052 3184 1118 3236 tum

95 3270 225 3335 calones
251 3271 429 3356 perterritos
455 3271 561 3336 hostes
593 3270 762 3354 conspicati
790 3269 884 3333 etiarn
910 3269 1044 3333 inermes
1071 3292 1119 3332 ar-

94 3364 189 3428 matis
206 3375 412 3441 occurrerent,
431 3366 550 3448 equites
563 3387 646 3440 vero,
665 3379 699 3427 ut
712 3363 935 3448 turpitudinem
950 3362 1044 3448 fugae
1058 3364 1120 3426 vir-

94 3469 163 3522 tute
180 3458 334 3535 delerent,
357 3459 502 3524 omnibus
519 3459 553 3522 in
569 3458 645 3523 loeis
667 3468 856 3543 pugnarent,
884 3480 947 3540 quo
966 3480 1000 3521 se
1023 3457 1120 3543 legio-

93 3553 191 3617 nariis
215 3552 365 3618 militibus
387 3553 587 3638 praeferrent.
631 3563 663 3616 at
685 3552 792 3616 hostes
815 3552 909 3615 ctiam
931 3552 963 3614 in
981 3562 1120 3614 extrema

94 3669 155 3732 spe
172 3646 285 3712 salutis
302 3657 420 3711 tantam
442 3647 587 3711 virtutem
604 3646 838 3730 praestiterunt,
861 3654 910 3721 ut,
934 3668 1005 3708 eum
1028 3643 1119 3728 primi

93 3763 205 3807 eorum
223 3740 417 3816 cecidissent,
436 3741 568 3825 proximi
586 3739 757 3804 iacentibus
775 3739 952 3804 insisterent
970 3748 1062 3819 atque
1080 3760 1119 3800 ex

94 3858 206 3900 eorum
232 3835 414 3919 corporibus
440 3844 628 3920 pugnarent3
654 3834 703 3898 his
726 3834 853 3897 deiectis
877 3842 908 3896 ct
930 3831 1119 3896 coacervatis

94 3929 313 4007 cadaveribus,
331 3930 385 4013 qui
404 3938 610 4014 superessent,
629 3939 664 3991 ut
682 3950 722 3990 ex
739 3928 858 3991 tumulo
876 3926 937 3990 tela
951 3927 982 3989 iu
996 3935 1119 3989 nostros

94 4024 275 4088 oonicerent
300 4034 331 4087 et
357 4023 421 4108 pila
441 4024 611 4107 intercepta
630 4023 834 4086 remitterent:
862 4032 896 4084 ut
923 4044 985 4084 non
1011 4020 1120 4102 nequi-

94 4140 191 4201 quam
209 4128 314 4181 tantae
332 4117 454 4181 virtutis
477 4117 618 4181 homines
640 4116 771 4180 iudicari
793 4115 920 4180 deberet
937 4138 1030 4178 ausos
1049 4138 1118 4179 osso

94 4213 228 4277 transire
254 4211 441 4276 latissimum
467 4210 597 4289 flumen,
633 4212 800 4276 ascendere
831 4210 998 4275 altissimas
1024 4211 1117 4294 ripas,

95 4306 202 4372 subire
228 4307 460 4389 iniquissimum
481 4307 599 4383 locum3
626 4329 706 4389 quae
734 4306 837 4369 facilia
863 4328 902 4369 cx
929 4305 1118 4369 difficillimis

93 4401 193 4466 animi
214 4401 398 4487 magnitudo
424 4402 596 4487 redegerat.
640 4401 700 4464 hoo
722 4400 839 4485 proelio
861 4400 944 4464 facto
966 4412 995 4464 et
1023 4423 1118 4484 prope
1138 4419 1169 4464 rs

93 4496 137 4559 ad
154 4496 398 4560 internecionem
415 4507 508 4580 gente
526 4517 562 4558 ac
581 4495 704 4558 nomine
718 4495 903 4557 Nerviorum
915 4495 1040 4558 redacto
1054 4518 1118 4556 ma-

93 4590 179 4654 iores
194 4600 279 4665 natu,
293 4611 373 4673 quos
387 4612 451 4654 una
464 4611 535 4653 cum
549 4588 654 4672 pueris
664 4588 906 4671 mulieribusque
920 4589 952 4651 in
965 4588 1118 4651 aestuaria
