<?xml version="1.0" encoding="UTF-8"?>
<!DOCTYPE html PUBLIC "-//W3C//DTD XHTML 1.0 Transitional//EN"
    "http://www.w3.org/TR/xhtml1/DTD/xhtml1-transitional.dtd">
<html xmlns="http://www.w3.org/1999/xhtml" xml:lang="en" lang="en">
 <head>
  <title>
</title>
<meta http-equiv="Content-Type" content="text/html;charset=utf-8" />
  <meta name='ocr-system' content='tesseract 3.04.00' />
  <meta name='ocr-capabilities' content='ocr_page ocr_carea ocr_par ocr_line ocrx_word'/>
</head>
<body>
  <div class='ocr_page' id='page_1' title='image "./ciuliicaesarisc03krangoog_0327.png"; bbox 0 0 2692 5206; ppageno 0'>
   <div class='ocr_carea' id='block_1_1' title="bbox 473 768 1146 836">
    <p class='ocr_par' dir='ltr' id='par_1_1' title="bbox 473 768 1146 836">
     <span class='ocr_line' id='line_1_1' title="bbox 473 768 1146 836; baseline -0.001 0"><span class='ocrx_word' id='word_1_1' title='bbox 473 781 590 836; x_wconf 81' lang='lat' dir='ltr'>comt</span> <span class='ocrx_word' id='word_1_2' title='bbox 609 781 661 835; x_wconf 89' lang='lat' dir='ltr'>m.</span> <span class='ocrx_word' id='word_1_3' title='bbox 677 782 798 835; x_wconf 73' lang='lat' dir='ltr'>m-sa</span> <span class='ocrx_word' id='word_1_4' title='bbox 1080 768 1146 835; x_wconf 75' lang='lat'>255</span> 
     </span>
    </p>
   </div>
   <div class='ocr_carea' id='block_1_2' title="bbox 85 903 1266 3992">
    <p class='ocr_par' dir='ltr' id='par_1_2' title="bbox 85 903 1266 3992">
     <span class='ocr_line' id='line_1_2' title="bbox 127 903 1147 993; baseline 0 -22"><span class='ocrx_word' id='word_1_5' title='bbox 127 905 289 993; x_wconf 73' lang='lat' dir='ltr'>importari</span> <span class='ocrx_word' id='word_1_6' title='bbox 305 906 338 969; x_wconf 90' lang='lat' dir='ltr'>in</span> <span class='ocrx_word' id='word_1_7' title='bbox 355 904 506 989; x_wconf 87' lang='lat' dir='ltr'>oppidum</span> <span class='ocrx_word' id='word_1_8' title='bbox 523 903 717 988; x_wconf 79' lang='lat' dir='ltr'>prohibebat.</span> <span class='ocrx_word' id='word_1_9' title='bbox 757 905 824 989; x_wconf 82' lang='lat' dir='ltr'>ipse</span> <span class='ocrx_word' id='word_1_10' title='bbox 840 905 972 969; x_wconf 77' lang='lat' dir='ltr'>Lissum</span> <span class='ocrx_word' id='word_1_11' title='bbox 989 906 1147 991; x_wconf 84' lang='lat' dir='ltr'>profectus</span> 
     </span>
     <span class='ocr_line' id='line_1_3' title="bbox 85 997 1146 1085; baseline 0 -20"><span class='ocrx_word' id='word_1_12' title='bbox 85 1070 88 1075; x_wconf 64' lang='grc'>,</span> <span class='ocrx_word' id='word_1_13' title='bbox 126 1023 223 1065; x_wconf 80' lang='lat' dir='ltr'>naves</span> <span class='ocrx_word' id='word_1_14' title='bbox 240 1000 400 1064; x_wconf 75' lang='lat' dir='ltr'>onerarias</span> <span class='ocrx_word' id='word_1_15' title='bbox 412 997 524 1061; x_wconf 80' lang='lat' dir='ltr'>XXX</span> <span class='ocrx_word' id='word_1_16' title='bbox 536 1021 555 1061; x_wconf 89' lang='lat' dir='ltr'>a</span> <span class='ocrx_word' id='word_1_17' title='bbox 567 998 616 1062; x_wconf 80' lang='lat' dir='ltr'>M.</span> <span class='ocrx_word' id='word_1_18' title='bbox 629 1000 770 1061; x_wconf 73' lang='lat' dir='ltr'>Antonio</span> <span class='ocrx_word' id='word_1_19' title='bbox 787 998 911 1063; x_wconf 87' lang='lat' dir='ltr'>relictas</span> <span class='ocrx_word' id='word_1_20' title='bbox 928 998 1009 1064; x_wconf 86' lang='lat' dir='ltr'>intra</span> <span class='ocrx_word' id='word_1_21' title='bbox 1022 1016 1146 1085; x_wconf 88' lang='lat' dir='ltr'>portum</span> 
     </span>
     <span class='ocr_line' id='line_1_4' title="bbox 126 1092 1148 1181; baseline -0.002 -21"><span class='ocrx_word' id='word_1_22' title='bbox 126 1116 296 1181; x_wconf 75' lang='lat' dir='ltr'>aggressus</span> <span class='ocrx_word' id='word_1_23' title='bbox 313 1115 423 1157; x_wconf 87' lang='lat' dir='ltr'>omnes</span> <span class='ocrx_word' id='word_1_24' title='bbox 440 1092 591 1167; x_wconf 91' lang='lat' dir='ltr'>inccndit;</span> <span class='ocrx_word' id='word_1_25' title='bbox 608 1093 740 1156; x_wconf 82' lang='lat' dir='ltr'>Lissum</span> <span class='ocrx_word' id='word_1_26' title='bbox 753 1114 933 1178; x_wconf 81' lang='lat' dir='ltr'>expugnare</span> <span class='ocrx_word' id='word_1_27' title='bbox 946 1114 1077 1158; x_wconf 86' lang='lat' dir='ltr'>conatus</span> <span class='ocrx_word' id='word_1_28' title='bbox 1093 1094 1148 1158; x_wconf 83' lang='lat' dir='ltr'>de-</span> 
     </span>
     <span class='ocr_line' id='line_1_5' title="bbox 126 1185 1146 1269; baseline 0.002 -18"><span class='ocrx_word' id='word_1_29' title='bbox 126 1188 326 1252; x_wconf 81' lang='lat' dir='ltr'>fendentibus</span> <span class='ocrx_word' id='word_1_30' title='bbox 348 1185 470 1251; x_wconf 80' lang='lat' dir='ltr'>civibus</span> <span class='ocrx_word' id='word_1_31' title='bbox 491 1186 658 1262; x_wconf 86' lang='lat' dir='ltr'>Romanis,</span> <span class='ocrx_word' id='word_1_32' title='bbox 684 1188 739 1269; x_wconf 90' lang='lat' dir='ltr'>qui</span> <span class='ocrx_word' id='word_1_33' title='bbox 760 1188 829 1250; x_wconf 89' lang='lat' dir='ltr'>eius</span> <span class='ocrx_word' id='word_1_34' title='bbox 851 1206 1023 1251; x_wconf 77' lang='lat' dir='ltr'>conventus</span> <span class='ocrx_word' id='word_1_35' title='bbox 1049 1206 1146 1255; x_wconf 86' lang='lat' dir='ltr'>crant.</span> 
     </span>
     <span class='ocr_line' id='line_1_6' title="bbox 125 1278 1148 1364; baseline 0.001 -19"><span class='ocrx_word' id='word_1_36' title='bbox 125 1280 349 1364; x_wconf 84' lang='lat' dir='ltr'>militibusque,</span> <span class='ocrx_word' id='word_1_37' title='bbox 367 1302 448 1364; x_wconf 88' lang='lat' dir='ltr'>quos</span> <span class='ocrx_word' id='word_1_38' title='bbox 460 1280 608 1364; x_wconf 89' lang='lat' dir='ltr'>praesidii</span> <span class='ocrx_word' id='word_1_39' title='bbox 620 1302 716 1343; x_wconf 72' lang='lat' dir='ltr'>eausa</span> <span class='ocrx_word' id='word_1_40' title='bbox 729 1280 855 1343; x_wconf 75' lang='lat' dir='ltr'>miserat</span> <span class='ocrx_word' id='word_1_41' title='bbox 869 1278 998 1355; x_wconf 86' lang='lat' dir='ltr'>Caesar,</span> <span class='ocrx_word' id='word_1_42' title='bbox 1011 1281 1148 1346; x_wconf 88' lang='lat' dir='ltr'>triduum</span> 
     </span>
     <span class='ocr_line' id='line_1_7' title="bbox 125 1373 1148 1458; baseline 0 -19"><span class='ocrx_word' id='word_1_43' title='bbox 125 1387 264 1439; x_wconf 88' lang='lat' dir='ltr'>moratus</span> <span class='ocrx_word' id='word_1_44' title='bbox 286 1374 396 1458; x_wconf 87' lang='lat' dir='ltr'>paucis</span> <span class='ocrx_word' id='word_1_45' title='bbox 420 1373 455 1436; x_wconf 88' lang='lat' dir='ltr'>in</span> <span class='ocrx_word' id='word_1_46' title='bbox 480 1374 712 1458; x_wconf 78' lang='lat' dir='ltr'>oppugnatione</span> <span class='ocrx_word' id='word_1_47' title='bbox 733 1375 859 1438; x_wconf 83' lang='lat' dir='ltr'>amissis</span> <span class='ocrx_word' id='word_1_48' title='bbox 881 1396 915 1437; x_wconf 93' lang='lat' dir='ltr'>re</span> <span class='ocrx_word' id='word_1_49' title='bbox 936 1374 1052 1439; x_wconf 83' lang='lat' dir='ltr'>inlecta</span> <span class='ocrx_word' id='word_1_50' title='bbox 1075 1375 1148 1439; x_wconf 87' lang='lat' dir='ltr'>inde</span> 
     </span>
     <span class='ocr_line' id='line_1_8' title="bbox 124 1469 1189 1533; baseline -0.001 0"><span class='ocrx_word' id='word_1_51' title='bbox 124 1469 283 1533; x_wconf 82' lang='lat' dir='ltr'>discessit.</span> <span class='ocrx_word' id='word_1_52' title='bbox 1152 1509 1189 1523; x_wconf 46' lang='grc' dir='ltr'><em>ψ</em></span> 
     </span>
     <span class='ocr_line' id='line_1_9' title="bbox 190 1560 1195 1649; baseline 0.005 -23"><span class='ocrx_word' id='word_1_53' title='bbox 190 1561 325 1638; x_wconf 86' lang='lat' dir='ltr'>Caesar,</span> <span class='ocrx_word' id='word_1_54' title='bbox 355 1578 523 1646; x_wconf 88' lang='lat' dir='ltr'>postquam</span> <span class='ocrx_word' id='word_1_55' title='bbox 548 1560 737 1645; x_wconf 85' lang='lat' dir='ltr'>Pompeium</span> <span class='ocrx_word' id='word_1_56' title='bbox 767 1562 808 1625; x_wconf 91' lang='lat' dir='ltr'>ad</span> <span class='ocrx_word' id='word_1_57' title='bbox 833 1561 1048 1649; x_wconf 74' lang='lat' dir='ltr'>Asparagium</span> <span class='ocrx_word' id='word_1_58' title='bbox 1076 1584 1146 1628; x_wconf 80' lang='lat' dir='ltr'>esse</span> <span class='ocrx_word' id='word_1_59' title='bbox 1164 1586 1195 1632; x_wconf 79' lang='lat' dir='ltr'>tt</span> 
     </span>
     <span class='ocr_line' id='line_1_10' title="bbox 123 1649 1266 1741; baseline 0.002 -23"><span class='ocrx_word' id='word_1_60' title='bbox 123 1655 286 1741; x_wconf 82' lang='lat' dir='ltr'>cognovit,</span> <span class='ocrx_word' id='word_1_61' title='bbox 305 1655 415 1718; x_wconf 92' lang='lat' dir='ltr'>eodem</span> <span class='ocrx_word' id='word_1_62' title='bbox 432 1677 505 1721; x_wconf 90' lang='lat' dir='ltr'>cum</span> <span class='ocrx_word' id='word_1_63' title='bbox 523 1656 661 1718; x_wconf 84' lang='lat' dir='ltr'>exercitu</span> <span class='ocrx_word' id='word_1_64' title='bbox 678 1655 837 1739; x_wconf 81' lang='lat' dir='ltr'>profectus</span> <span class='ocrx_word' id='word_1_65' title='bbox 854 1668 1035 1741; x_wconf 85' lang='lat' dir='ltr'>expugnato</span> <span class='ocrx_word' id='word_1_66' title='bbox 1051 1656 1084 1719; x_wconf 91' lang='lat' dir='ltr'>in</span> <span class='ocrx_word' id='word_1_67' title='bbox 1100 1657 1150 1720; x_wconf 89' lang='lat' dir='ltr'>iti·</span> <span class='ocrx_word' id='word_1_68' title='bbox 1263 1649 1266 1655; x_wconf 42' lang='lat'><strong>¹</strong></span> 
     </span>
     <span class='ocr_line' id='line_1_11' title="bbox 123 1747 1149 1834; baseline 0 -20"><span class='ocrx_word' id='word_1_69' title='bbox 123 1771 199 1814; x_wconf 87' lang='lat' dir='ltr'>nere</span> <span class='ocrx_word' id='word_1_70' title='bbox 220 1748 338 1833; x_wconf 88' lang='lat' dir='ltr'>oppido</span> <span class='ocrx_word' id='word_1_71' title='bbox 358 1747 592 1823; x_wconf 81' lang='lat' dir='ltr'>Parthinorum,</span> <span class='ocrx_word' id='word_1_72' title='bbox 619 1749 651 1811; x_wconf 94' lang='lat' dir='ltr'>in</span> <span class='ocrx_word' id='word_1_73' title='bbox 677 1770 741 1831; x_wconf 87' lang='lat' dir='ltr'>quo</span> <span class='ocrx_word' id='word_1_74' title='bbox 762 1748 934 1833; x_wconf 89' lang='lat' dir='ltr'>Pompeius</span> <span class='ocrx_word' id='word_1_75' title='bbox 957 1750 1149 1834; x_wconf 88' lang='lat' dir='ltr'>praesidium</span> 
     </span>
     <span class='ocr_line' id='line_1_12' title="bbox 123 1840 1149 1929; baseline 0 -22"><span class='ocrx_word' id='word_1_76' title='bbox 123 1841 278 1919; x_wconf 85' lang='lat' dir='ltr'>habehat,</span> <span class='ocrx_word' id='word_1_77' title='bbox 300 1842 391 1905; x_wconf 90' lang='lat' dir='ltr'>tertio</span> <span class='ocrx_word' id='word_1_78' title='bbox 407 1842 457 1905; x_wconf 91' lang='lat' dir='ltr'>die</span> <span class='ocrx_word' id='word_1_79' title='bbox 477 1840 727 1927; x_wconf 81' lang='lat' dir='ltr'>[Macedoniam]</span> <span class='ocrx_word' id='word_1_80' title='bbox 746 1842 788 1906; x_wconf 91' lang='lat' dir='ltr'>ad</span> <span class='ocrx_word' id='word_1_81' title='bbox 803 1841 992 1927; x_wconf 87' lang='lat' dir='ltr'>Pompeium</span> <span class='ocrx_word' id='word_1_82' title='bbox 1007 1844 1149 1929; x_wconf 75' lang='lat' dir='ltr'>pervenit</span> 
     </span>
     <span class='ocr_line' id='line_1_13' title="bbox 123 1930 1149 2023; baseline 0.001 -22"><span class='ocrx_word' id='word_1_83' title='bbox 123 1938 276 2020; x_wconf 88' lang='lat' dir='ltr'>iuxtaque</span> <span class='ocrx_word' id='word_1_84' title='bbox 297 1958 370 2000; x_wconf 90' lang='lat' dir='ltr'>eum</span> <span class='ocrx_word' id='word_1_85' title='bbox 391 1954 493 2000; x_wconf 88' lang='lat' dir='ltr'>castra</span> <span class='ocrx_word' id='word_1_86' title='bbox 514 1937 620 2021; x_wconf 86' lang='lat' dir='ltr'>posuit</span> <span class='ocrx_word' id='word_1_87' title='bbox 642 1947 673 2000; x_wconf 90' lang='lat' dir='ltr'>ct</span> <span class='ocrx_word' id='word_1_88' title='bbox 695 1930 844 2023; x_wconf 84' lang='lat' dir='ltr'>postridie</span> <span class='ocrx_word' id='word_1_89' title='bbox 866 1937 987 2002; x_wconf 82' lang='lat' dir='ltr'>eductis</span> <span class='ocrx_word' id='word_1_90' title='bbox 1003 1936 1149 2002; x_wconf 87' lang='lat' dir='ltr'>omnihus</span> 
     </span>
     <span class='ocr_line' id='line_1_14' title="bbox 124 2029 1149 2116; baseline -0.002 -19"><span class='ocrx_word' id='word_1_91' title='bbox 124 2030 226 2116; x_wconf 88' lang='lat' dir='ltr'>copiis</span> <span class='ocrx_word' id='word_1_92' title='bbox 239 2029 307 2094; x_wconf 91' lang='lat' dir='ltr'>acie</span> <span class='ocrx_word' id='word_1_93' title='bbox 320 2029 470 2095; x_wconf 88' lang='lat' dir='ltr'>instructa</span> <span class='ocrx_word' id='word_1_94' title='bbox 487 2030 674 2094; x_wconf 90' lang='lat' dir='ltr'>decernendi</span> <span class='ocrx_word' id='word_1_95' title='bbox 692 2040 878 2115; x_wconf 83' lang='lat' dir='ltr'>potestatem</span> <span class='ocrx_word' id='word_1_96' title='bbox 894 2029 1048 2116; x_wconf 88' lang='lat' dir='ltr'>Pompeio</span> <span class='ocrx_word' id='word_1_97' title='bbox 1064 2031 1149 2097; x_wconf 82' lang='lat' dir='ltr'>fecit.</span> 
     </span>
     <span class='ocr_line' id='line_1_15' title="bbox 123 2122 1150 2202; baseline 0 -13"><span class='ocrx_word' id='word_1_98' title='bbox 123 2124 181 2190; x_wconf 90' lang='lat' dir='ltr'>nbi</span> <span class='ocrx_word' id='word_1_99' title='bbox 206 2123 297 2188; x_wconf 90' lang='lat' dir='ltr'>illum</span> <span class='ocrx_word' id='word_1_100' title='bbox 323 2123 389 2187; x_wconf 89' lang='lat' dir='ltr'>suis</span> <span class='ocrx_word' id='word_1_101' title='bbox 414 2122 492 2188; x_wconf 89' lang='lat' dir='ltr'>locis</span> <span class='ocrx_word' id='word_1_102' title='bbox 519 2146 554 2187; x_wconf 84' lang='lat' dir='ltr'>sc</span> <span class='ocrx_word' id='word_1_103' title='bbox 580 2136 685 2188; x_wconf 87' lang='lat' dir='ltr'>tenere</span> <span class='ocrx_word' id='word_1_104' title='bbox 706 2125 937 2202; x_wconf 75' lang='lat' dir='ltr'>animadvertit,</span> <span class='ocrx_word' id='word_1_105' title='bbox 965 2126 1094 2191; x_wconf 86' lang='lat' dir='ltr'>reducto</span> <span class='ocrx_word' id='word_1_106' title='bbox 1117 2126 1150 2189; x_wconf 91' lang='lat' dir='ltr'>in</span> 
     </span>
     <span class='ocr_line' id='line_1_16' title="bbox 124 2216 1149 2304; baseline -0.001 -21"><span class='ocrx_word' id='word_1_107' title='bbox 124 2228 231 2283; x_wconf 87' lang='lat' dir='ltr'>castra</span> <span class='ocrx_word' id='word_1_108' title='bbox 247 2216 389 2283; x_wconf 88' lang='lat' dir='ltr'>exercitu</span> <span class='ocrx_word' id='word_1_109' title='bbox 402 2217 487 2281; x_wconf 86' lang='lat' dir='ltr'>aliud</span> <span class='ocrx_word' id='word_1_110' title='bbox 501 2216 561 2280; x_wconf 85' lang='lat' dir='ltr'>sihi</span> <span class='ocrx_word' id='word_1_111' title='bbox 574 2218 738 2282; x_wconf 87' lang='lat' dir='ltr'>consilium</span> <span class='ocrx_word' id='word_1_112' title='bbox 751 2219 937 2304; x_wconf 90' lang='lat' dir='ltr'>capiendum</span> <span class='ocrx_word' id='word_1_113' title='bbox 950 2219 1149 2285; x_wconf 79' lang='lat' dir='ltr'>existimarit.</span> 
     </span>
     <span class='ocr_line' id='line_1_17' title="bbox 124 2310 1150 2398; baseline 0.001 -22"><span class='ocrx_word' id='word_1_114' title='bbox 124 2311 232 2395; x_wconf 88' lang='lat' dir='ltr'>itaque</span> <span class='ocrx_word' id='word_1_115' title='bbox 249 2323 375 2396; x_wconf 91' lang='lat' dir='ltr'>postero</span> <span class='ocrx_word' id='word_1_116' title='bbox 392 2311 442 2374; x_wconf 89' lang='lat' dir='ltr'>die</span> <span class='ocrx_word' id='word_1_117' title='bbox 465 2310 611 2375; x_wconf 91' lang='lat' dir='ltr'>omnibus</span> <span class='ocrx_word' id='word_1_118' title='bbox 632 2312 731 2396; x_wconf 91' lang='lat' dir='ltr'>copiis</span> <span class='ocrx_word' id='word_1_119' title='bbox 748 2335 865 2398; x_wconf 85' lang='lat' dir='ltr'>magno</span> <span class='ocrx_word' id='word_1_120' title='bbox 882 2313 1013 2377; x_wconf 90' lang='lat' dir='ltr'>circuitu</span> <span class='ocrx_word' id='word_1_121' title='bbox 1030 2312 1150 2377; x_wconf 86' lang='lat' dir='ltr'>difficili</span> 
     </span>
     <span class='ocr_line' id='line_1_18' title="bbox 124 2404 1150 2493; baseline 0.004 -25"><span class='ocrx_word' id='word_1_122' title='bbox 124 2416 325 2491; x_wconf 80' lang='lat' dir='ltr'>angustoque</span> <span class='ocrx_word' id='word_1_123' title='bbox 354 2405 463 2469; x_wconf 90' lang='lat' dir='ltr'>itinero</span> <span class='ocrx_word' id='word_1_124' title='bbox 488 2404 723 2488; x_wconf 79' lang='lat' dir='ltr'>Dyrrhachium</span> <span class='ocrx_word' id='word_1_125' title='bbox 753 2407 912 2490; x_wconf 82' lang='lat' dir='ltr'>profectus</span> <span class='ocrx_word' id='word_1_126' title='bbox 943 2417 990 2471; x_wconf 90' lang='lat' dir='ltr'>cst</span> <span class='ocrx_word' id='word_1_127' title='bbox 1020 2430 1150 2493; x_wconf 86' lang='lat' dir='ltr'>sperans</span> 
     </span>
     <span class='ocr_line' id='line_1_19' title="bbox 124 2496 1150 2584; baseline 0.002 -21"><span class='ocrx_word' id='word_1_128' title='bbox 124 2496 316 2583; x_wconf 89' lang='lat' dir='ltr'>Pompeium</span> <span class='ocrx_word' id='word_1_129' title='bbox 332 2509 386 2562; x_wconf 87' lang='lat' dir='ltr'>aut</span> <span class='ocrx_word' id='word_1_130' title='bbox 398 2496 633 2582; x_wconf 82' lang='lat' dir='ltr'>Dyrrhachium</span> <span class='ocrx_word' id='word_1_131' title='bbox 649 2499 794 2584; x_wconf 81' lang='lat' dir='ltr'>compelli</span> <span class='ocrx_word' id='word_1_132' title='bbox 811 2513 865 2564; x_wconf 91' lang='lat' dir='ltr'>aut</span> <span class='ocrx_word' id='word_1_133' title='bbox 882 2499 975 2565; x_wconf 90' lang='lat' dir='ltr'>abeo</span> <span class='ocrx_word' id='word_1_134' title='bbox 987 2501 1150 2565; x_wconf 80' lang='lat' dir='ltr'>intercludi</span> 
     </span>
     <span class='ocr_line' id='line_1_20' title="bbox 125 2591 1151 2680; baseline 0.002 -24"><span class='ocrx_word' id='word_1_135' title='bbox 125 2614 231 2677; x_wconf 87' lang='lat' dir='ltr'>posse,</span> <span class='ocrx_word' id='word_1_136' title='bbox 250 2591 337 2675; x_wconf 92' lang='lat' dir='ltr'>quod</span> <span class='ocrx_word' id='word_1_137' title='bbox 352 2615 477 2657; x_wconf 89' lang='lat' dir='ltr'>onmem</span> <span class='ocrx_word' id='word_1_138' title='bbox 489 2606 698 2656; x_wconf 90' lang='lat' dir='ltr'>commeatum</span> <span class='ocrx_word' id='word_1_139' title='bbox 713 2594 869 2677; x_wconf 88' lang='lat' dir='ltr'>totiusque</span> <span class='ocrx_word' id='word_1_140' title='bbox 882 2594 956 2659; x_wconf 87' lang='lat' dir='ltr'>belli</span> <span class='ocrx_word' id='word_1_141' title='bbox 968 2608 1151 2680; x_wconf 86' lang='lat' dir='ltr'>apparatum</span> 
     </span>
     <span class='ocr_line' id='line_1_21' title="bbox 124 2685 1151 2774; baseline 0 -23"><span class='ocrx_word' id='word_1_142' title='bbox 124 2708 165 2751; x_wconf 83' lang='lat' dir='ltr'>eo</span> <span class='ocrx_word' id='word_1_143' title='bbox 181 2685 365 2751; x_wconf 85' lang='lat' dir='ltr'>contulisset</span> <span class='ocrx_word' id='word_1_144' title='bbox 371 2711 380 2763; x_wconf 94' lang='lat'>;</span> <span class='ocrx_word' id='word_1_145' title='bbox 398 2698 433 2749; x_wconf 88' lang='lat' dir='ltr'>ut</span> <span class='ocrx_word' id='word_1_146' title='bbox 450 2687 571 2750; x_wconf 89' lang='lat' dir='ltr'>accidit.</span> <span class='ocrx_word' id='word_1_147' title='bbox 598 2687 769 2770; x_wconf 86' lang='lat' dir='ltr'>Pompeius</span> <span class='ocrx_word' id='word_1_148' title='bbox 787 2687 870 2751; x_wconf 86' lang='lat' dir='ltr'>enim</span> <span class='ocrx_word' id='word_1_149' title='bbox 887 2688 987 2772; x_wconf 91' lang='lat' dir='ltr'>primo</span> <span class='ocrx_word' id='word_1_150' title='bbox 1005 2689 1151 2774; x_wconf 85' lang='lat' dir='ltr'>ignorans</span> 
     </span>
     <span class='ocr_line' id='line_1_22' title="bbox 125 2778 1152 2865; baseline 0.001 -21"><span class='ocrx_word' id='word_1_151' title='bbox 125 2779 196 2845; x_wconf 84' lang='lat' dir='ltr'>eins</span> <span class='ocrx_word' id='word_1_152' title='bbox 217 2778 396 2856; x_wconf 85' lang='lat' dir='ltr'>consilium,</span> <span class='ocrx_word' id='word_1_153' title='bbox 420 2780 505 2863; x_wconf 91' lang='lat' dir='ltr'>quod</span> <span class='ocrx_word' id='word_1_154' title='bbox 522 2781 646 2844; x_wconf 80' lang='lat' dir='ltr'>divorso</span> <span class='ocrx_word' id='word_1_155' title='bbox 663 2779 702 2844; x_wconf 91' lang='lat' dir='ltr'>ab</span> <span class='ocrx_word' id='word_1_156' title='bbox 722 2803 759 2845; x_wconf 91' lang='lat' dir='ltr'>ca</span> <span class='ocrx_word' id='word_1_157' title='bbox 779 2780 906 2865; x_wconf 83' lang='lat' dir='ltr'>regione</span> <span class='ocrx_word' id='word_1_158' title='bbox 923 2780 1032 2845; x_wconf 89' lang='lat' dir='ltr'>itincre</span> <span class='ocrx_word' id='word_1_159' title='bbox 1049 2780 1152 2865; x_wconf 86' lang='lat' dir='ltr'>prose-</span> 
     </span>
     <span class='ocr_line' id='line_1_23' title="bbox 125 2871 1153 2958; baseline 0 -19"><span class='ocrx_word' id='word_1_160' title='bbox 125 2871 357 2950; x_wconf 80' lang='lat' dir='ltr'>etumvidcbat,</span> <span class='ocrx_word' id='word_1_161' title='bbox 372 2874 525 2958; x_wconf 68' lang='lat' dir='ltr'>angnmtiis</span> <span class='ocrx_word' id='word_1_162' title='bbox 538 2874 583 2938; x_wconf 91' lang='lat' dir='ltr'>rei</span> <span class='ocrx_word' id='word_1_163' title='bbox 597 2874 817 2938; x_wconf 81' lang='lat' dir='ltr'>frumentariae</span> <span class='ocrx_word' id='word_1_164' title='bbox 826 2874 1022 2958; x_wconf 86' lang='lat' dir='ltr'>compulsum</span> <span class='ocrx_word' id='word_1_165' title='bbox 1035 2874 1153 2939; x_wconf 86' lang='lat' dir='ltr'>disces-</span> 
     </span>
     <span class='ocr_line' id='line_1_24' title="bbox 126 2964 1151 3053; baseline -0.003 -20"><span class='ocrx_word' id='word_1_166' title='bbox 126 2964 209 3033; x_wconf 75' lang='lat' dir='ltr'>sisse</span> <span class='ocrx_word' id='word_1_167' title='bbox 235 2966 448 3045; x_wconf 85' lang='lat' dir='ltr'>existimabat3</span> <span class='ocrx_word' id='word_1_168' title='bbox 475 2978 585 3053; x_wconf 89' lang='lat' dir='ltr'>postea</span> <span class='ocrx_word' id='word_1_169' title='bbox 607 2989 663 3053; x_wconf 91' lang='lat' dir='ltr'>per</span> <span class='ocrx_word' id='word_1_170' title='bbox 684 2967 894 3052; x_wconf 83' lang='lat' dir='ltr'>exploratores</span> <span class='ocrx_word' id='word_1_171' title='bbox 917 2968 1029 3033; x_wconf 92' lang='lat' dir='ltr'>certior</span> <span class='ocrx_word' id='word_1_172' title='bbox 1048 2968 1151 3033; x_wconf 87' lang='lat' dir='ltr'>sactus</span> 
     </span>
     <span class='ocr_line' id='line_1_25' title="bbox 125 3059 1152 3145; baseline 0.002 -21"><span class='ocrx_word' id='word_1_173' title='bbox 125 3070 254 3145; x_wconf 89' lang='lat' dir='ltr'>postero</span> <span class='ocrx_word' id='word_1_174' title='bbox 275 3059 327 3124; x_wconf 86' lang='lat' dir='ltr'>die</span> <span class='ocrx_word' id='word_1_175' title='bbox 348 3070 450 3125; x_wconf 86' lang='lat' dir='ltr'>castra</span> <span class='ocrx_word' id='word_1_176' title='bbox 471 3061 569 3125; x_wconf 87' lang='lat' dir='ltr'>movit</span> <span class='ocrx_word' id='word_1_177' title='bbox 590 3060 731 3126; x_wconf 81' lang='lat' dir='ltr'>breviore</span> <span class='ocrx_word' id='word_1_178' title='bbox 752 3061 862 3126; x_wconf 87' lang='lat' dir='ltr'>itinere</span> <span class='ocrx_word' id='word_1_179' title='bbox 884 3085 918 3128; x_wconf 90' lang='lat' dir='ltr'>sc</span> <span class='ocrx_word' id='word_1_180' title='bbox 940 3060 1101 3127; x_wconf 84' lang='lat' dir='ltr'>occurrere</span> <span class='ocrx_word' id='word_1_181' title='bbox 1122 3063 1152 3126; x_wconf 88' lang='lat' dir='ltr'>ei</span> 
     </span>
     <span class='ocr_line' id='line_1_26' title="bbox 126 3153 1151 3241; baseline 0.004 -25"><span class='ocrx_word' id='word_1_182' title='bbox 126 3154 228 3239; x_wconf 79' lang='lat' dir='ltr'>posse</span> <span class='ocrx_word' id='word_1_183' title='bbox 249 3174 390 3238; x_wconf 87' lang='lat' dir='ltr'>sperans.</span> <span class='ocrx_word' id='word_1_184' title='bbox 425 3153 511 3237; x_wconf 91' lang='lat' dir='ltr'>quod</span> <span class='ocrx_word' id='word_1_185' title='bbox 536 3154 604 3219; x_wconf 82' lang='lat' dir='ltr'>fore</span> <span class='ocrx_word' id='word_1_186' title='bbox 631 3156 808 3240; x_wconf 88' lang='lat' dir='ltr'>suspicatus</span> <span class='ocrx_word' id='word_1_187' title='bbox 832 3155 951 3222; x_wconf 83' lang='lat' dir='ltr'>Caesar</span> <span class='ocrx_word' id='word_1_188' title='bbox 976 3156 1151 3241; x_wconf 86' lang='lat' dir='ltr'>militesque</span> 
     </span>
     <span class='ocr_line' id='line_1_27' title="bbox 126 3246 1152 3335; baseline 0.002 -24"><span class='ocrx_word' id='word_1_189' title='bbox 126 3246 325 3324; x_wconf 86' lang='lat' dir='ltr'>adhortatus,</span> <span class='ocrx_word' id='word_1_190' title='bbox 347 3257 500 3331; x_wconf 82' lang='lat' dir='ltr'>utaequa</span> <span class='ocrx_word' id='word_1_191' title='bbox 516 3249 620 3312; x_wconf 91' lang='lat' dir='ltr'>animo</span> <span class='ocrx_word' id='word_1_192' title='bbox 638 3247 776 3313; x_wconf 88' lang='lat' dir='ltr'>laborem</span> <span class='ocrx_word' id='word_1_193' title='bbox 794 3249 923 3327; x_wconf 82' lang='lat' dir='ltr'>ferrent,</span> <span class='ocrx_word' id='word_1_194' title='bbox 946 3264 1043 3335; x_wconf 70' lang='lat' dir='ltr'>partu</span> <span class='ocrx_word' id='word_1_195' title='bbox 1064 3261 1152 3335; x_wconf 86' lang='lat' dir='ltr'>parte</span> 
     </span>
     <span class='ocr_line' id='line_1_28' title="bbox 127 3340 1152 3428; baseline 0.002 -23"><span class='ocrx_word' id='word_1_196' title='bbox 127 3340 230 3407; x_wconf 85' lang='lat' dir='ltr'>noctis</span> <span class='ocrx_word' id='word_1_197' title='bbox 255 3340 366 3406; x_wconf 84' lang='lat' dir='ltr'>itinere</span> <span class='ocrx_word' id='word_1_198' title='bbox 386 3342 563 3407; x_wconf 85' lang='lat' dir='ltr'>intermisso</span> <span class='ocrx_word' id='word_1_199' title='bbox 584 3364 677 3407; x_wconf 88' lang='lat' dir='ltr'>mano</span> <span class='ocrx_word' id='word_1_200' title='bbox 698 3343 932 3428; x_wconf 84' lang='lat' dir='ltr'>Dyrrhachium</span> <span class='ocrx_word' id='word_1_201' title='bbox 954 3344 1053 3421; x_wconf 77' lang='lat' dir='ltr'>venit,</span> <span class='ocrx_word' id='word_1_202' title='bbox 1079 3362 1152 3409; x_wconf 89' lang='lat' dir='ltr'>cnm</span> 
     </span>
     <span class='ocr_line' id='line_1_29' title="bbox 126 3434 1153 3521; baseline 0.003 -22"><span class='ocrx_word' id='word_1_203' title='bbox 126 3434 265 3521; x_wconf 89' lang='lat' dir='ltr'>primum</span> <span class='ocrx_word' id='word_1_204' title='bbox 281 3442 395 3520; x_wconf 83' lang='lat' dir='ltr'>agmen</span> <span class='ocrx_word' id='word_1_205' title='bbox 407 3434 540 3520; x_wconf 86' lang='lat' dir='ltr'>Pompei</span> <span class='ocrx_word' id='word_1_206' title='bbox 556 3436 664 3521; x_wconf 88' lang='lat' dir='ltr'>procul</span> <span class='ocrx_word' id='word_1_207' title='bbox 682 3448 866 3515; x_wconf 80' lang='lat' dir='ltr'>comeretur,</span> <span class='ocrx_word' id='word_1_208' title='bbox 885 3449 977 3521; x_wconf 87' lang='lat' dir='ltr'>atque</span> <span class='ocrx_word' id='word_1_209' title='bbox 994 3437 1038 3502; x_wconf 94' lang='lat' dir='ltr'>ibi</span> <span class='ocrx_word' id='word_1_210' title='bbox 1052 3450 1153 3503; x_wconf 87' lang='lat' dir='ltr'>castra</span> 
     </span>
     <span class='ocr_line' id='line_1_30' title="bbox 126 3518 1204 3616; baseline 0.006 -24"><span class='ocrx_word' id='word_1_211' title='bbox 126 3527 245 3613; x_wconf 79' lang='lat' dir='ltr'>posuit.</span> <span class='ocrx_word' id='word_1_212' title='bbox 271 3527 441 3613; x_wconf 90' lang='lat' dir='ltr'>Pompeius</span> <span class='ocrx_word' id='word_1_213' title='bbox 458 3529 645 3595; x_wconf 88' lang='lat' dir='ltr'>interclusus</span> <span class='ocrx_word' id='word_1_214' title='bbox 662 3518 870 3614; x_wconf 85' lang='lat' dir='ltr'>Dyrrhachio,</span> <span class='ocrx_word' id='word_1_215' title='bbox 888 3531 942 3596; x_wconf 91' lang='lat' dir='ltr'>ubi</span> <span class='ocrx_word' id='word_1_216' title='bbox 960 3531 1153 3616; x_wconf 85' lang='lat' dir='ltr'>propositum</span> <span class='ocrx_word' id='word_1_217' title='bbox 1171 3552 1204 3597; x_wconf 71' lang='lat'>42</span> 
     </span>
     <span class='ocr_line' id='line_1_31' title="bbox 127 3623 1154 3708; baseline 0 -21"><span class='ocrx_word' id='word_1_218' title='bbox 127 3636 237 3687; x_wconf 85' lang='lat' dir='ltr'>tenere</span> <span class='ocrx_word' id='word_1_219' title='bbox 253 3644 316 3687; x_wconf 90' lang='lat' dir='ltr'>uon</span> <span class='ocrx_word' id='word_1_220' title='bbox 333 3623 447 3707; x_wconf 91' lang='lat' dir='ltr'>potuit,</span> <span class='ocrx_word' id='word_1_221' title='bbox 475 3624 612 3688; x_wconf 88' lang='lat' dir='ltr'>secundo</span> <span class='ocrx_word' id='word_1_222' title='bbox 636 3646 713 3689; x_wconf 87' lang='lat' dir='ltr'>usus</span> <span class='ocrx_word' id='word_1_223' title='bbox 735 3624 865 3689; x_wconf 89' lang='lat' dir='ltr'>consilio</span> <span class='ocrx_word' id='word_1_224' title='bbox 888 3624 971 3689; x_wconf 87' lang='lat' dir='ltr'>edito</span> <span class='ocrx_word' id='word_1_225' title='bbox 988 3625 1072 3701; x_wconf 89' lang='lat' dir='ltr'>loeo,</span> <span class='ocrx_word' id='word_1_226' title='bbox 1099 3625 1154 3708; x_wconf 90' lang='lat' dir='ltr'>qui</span> 
     </span>
     <span class='ocr_line' id='line_1_32' title="bbox 127 3715 1154 3802; baseline 0.001 -21"><span class='ocrx_word' id='word_1_227' title='bbox 127 3715 304 3802; x_wconf 85' lang='lat' dir='ltr'>appellatur</span> <span class='ocrx_word' id='word_1_228' title='bbox 319 3716 415 3799; x_wconf 85' lang='lat' dir='ltr'>Petra</span> <span class='ocrx_word' id='word_1_229' title='bbox 431 3718 611 3802; x_wconf 90' lang='lat' dir='ltr'>aditumque</span> <span class='ocrx_word' id='word_1_230' title='bbox 629 3716 724 3783; x_wconf 89' lang='lat' dir='ltr'>hahet</span> <span class='ocrx_word' id='word_1_231' title='bbox 744 3719 877 3784; x_wconf 82' lang='lat' dir='ltr'>navibus</span> <span class='ocrx_word' id='word_1_232' title='bbox 899 3718 1086 3783; x_wconf 91' lang='lat' dir='ltr'>mediocrem</span> <span class='ocrx_word' id='word_1_233' title='bbox 1107 3728 1154 3782; x_wconf 86' lang='lat' dir='ltr'>at-</span> 
     </span>
     <span class='ocr_line' id='line_1_33' title="bbox 127 3811 1152 3898; baseline 0 -23"><span class='ocrx_word' id='word_1_234' title='bbox 127 3831 193 3895; x_wconf 91' lang='lat' dir='ltr'>que</span> <span class='ocrx_word' id='word_1_235' title='bbox 214 3831 310 3876; x_wconf 81' lang='lat' dir='ltr'>casa</span> <span class='ocrx_word' id='word_1_236' title='bbox 330 3811 519 3895; x_wconf 85' lang='lat' dir='ltr'>quibusdam</span> <span class='ocrx_word' id='word_1_237' title='bbox 540 3813 676 3898; x_wconf 85' lang='lat' dir='ltr'>protegit</span> <span class='ocrx_word' id='word_1_238' title='bbox 702 3813 818 3890; x_wconf 86' lang='lat' dir='ltr'>ventis,</span> <span class='ocrx_word' id='word_1_239' title='bbox 846 3824 948 3877; x_wconf 88' lang='lat' dir='ltr'>castra</span> <span class='ocrx_word' id='word_1_240' title='bbox 973 3811 1152 3877; x_wconf 88' lang='lat' dir='ltr'>communit.</span> 
     </span>
     <span class='ocr_line' id='line_1_34' title="bbox 128 3906 1154 3992; baseline -0.001 -22"><span class='ocrx_word' id='word_1_241' title='bbox 128 3922 170 3970; x_wconf 86' lang='lat' dir='ltr'>oo</span> <span class='ocrx_word' id='word_1_242' title='bbox 186 3914 308 3990; x_wconf 80' lang='lat' dir='ltr'>partem</span> <span class='ocrx_word' id='word_1_243' title='bbox 325 3906 452 3970; x_wconf 83' lang='lat' dir='ltr'>nuvium</span> <span class='ocrx_word' id='word_1_244' title='bbox 469 3906 633 3992; x_wconf 86' lang='lat' dir='ltr'>longarum</span> <span class='ocrx_word' id='word_1_245' title='bbox 655 3907 834 3985; x_wconf 79' lang='lat' dir='ltr'>convenire,</span> <span class='ocrx_word' id='word_1_246' title='bbox 861 3906 1052 3971; x_wconf 83' lang='lat' dir='ltr'>frumentum</span> <span class='ocrx_word' id='word_1_247' title='bbox 1069 3927 1154 3971; x_wconf 88' lang='lat' dir='ltr'>com-</span> 
     </span>
    </p>
   </div>
   <div class='ocr_carea' id='block_1_3' title="bbox 126 3999 1155 4651">
    <p class='ocr_par' dir='ltr' id='par_1_3' title="bbox 126 3999 1155 4651">
     <span class='ocr_line' id='line_1_35' title="bbox 128 3999 1154 4089; baseline -0.001 -24"><span class='ocrx_word' id='word_1_248' title='bbox 128 4010 331 4084; x_wconf 87' lang='lat' dir='ltr'>meatumque</span> <span class='ocrx_word' id='word_1_249' title='bbox 348 3999 389 4065; x_wconf 90' lang='lat' dir='ltr'>ab</span> <span class='ocrx_word' id='word_1_250' title='bbox 402 3999 483 4065; x_wconf 83' lang='lat' dir='ltr'>Asia</span> <span class='ocrx_word' id='word_1_251' title='bbox 495 4011 588 4084; x_wconf 87' lang='lat' dir='ltr'>atquc</span> <span class='ocrx_word' id='word_1_252' title='bbox 606 4000 751 4067; x_wconf 90' lang='lat' dir='ltr'>omnibus</span> <span class='ocrx_word' id='word_1_253' title='bbox 768 4001 958 4089; x_wconf 83' lang='lat' dir='ltr'>regionibus,</span> <span class='ocrx_word' id='word_1_254' title='bbox 977 4023 1055 4085; x_wconf 85' lang='lat' dir='ltr'>quas</span> <span class='ocrx_word' id='word_1_255' title='bbox 1069 4011 1154 4065; x_wconf 90' lang='lat' dir='ltr'>tene-</span> 
     </span>
     <span class='ocr_line' id='line_1_36' title="bbox 128 4088 1154 4182; baseline -0.003 -21"><span class='ocrx_word' id='word_1_256' title='bbox 128 4093 201 4171; x_wconf 79' lang='lat' dir='ltr'>bat,</span> <span class='ocrx_word' id='word_1_257' title='bbox 227 4094 414 4179; x_wconf 87' lang='lat' dir='ltr'>comportari</span> <span class='ocrx_word' id='word_1_258' title='bbox 430 4095 571 4180; x_wconf 85' lang='lat' dir='ltr'>imperat</span> <span class='ocrx_word' id='word_1_259' title='bbox 608 4088 728 4161; x_wconf 79' lang='lat' dir='ltr'>Cacsar</span> <span class='ocrx_word' id='word_1_260' title='bbox 748 4095 873 4182; x_wconf 84' lang='lat' dir='ltr'>longius</span> <span class='ocrx_word' id='word_1_261' title='bbox 891 4094 1008 4160; x_wconf 86' lang='lat' dir='ltr'>bellum</span> <span class='ocrx_word' id='word_1_262' title='bbox 1026 4095 1154 4159; x_wconf 79' lang='lat' dir='ltr'>ducmm</span> 
     </span>
     <span class='ocr_line' id='line_1_37' title="bbox 127 4186 1154 4274; baseline -0.002 -21"><span class='ocrx_word' id='word_1_263' title='bbox 127 4188 170 4265; x_wconf 74' lang='lat' dir='ltr'>iri</span> <span class='ocrx_word' id='word_1_264' title='bbox 186 4186 369 4254; x_wconf 86' lang='lat' dir='ltr'>existimans</span> <span class='ocrx_word' id='word_1_265' title='bbox 386 4198 418 4253; x_wconf 85' lang='lat' dir='ltr'>ot</span> <span class='ocrx_word' id='word_1_266' title='bbox 435 4188 474 4253; x_wconf 86' lang='lat' dir='ltr'>dc</span> <span class='ocrx_word' id='word_1_267' title='bbox 491 4188 609 4254; x_wconf 86' lang='lat' dir='ltr'>Italicis</span> <span class='ocrx_word' id='word_1_268' title='bbox 627 4188 850 4253; x_wconf 88' lang='lat' dir='ltr'>commeatibus</span> <span class='ocrx_word' id='word_1_269' title='bbox 869 4189 1052 4274; x_wconf 85' lang='lat' dir='ltr'>desperans,</span> <span class='ocrx_word' id='word_1_270' title='bbox 1070 4188 1154 4273; x_wconf 89' lang='lat' dir='ltr'>quod</span> 
     </span>
     <span class='ocr_line' id='line_1_38' title="bbox 127 4280 1155 4368; baseline 0 -21"><span class='ocrx_word' id='word_1_271' title='bbox 127 4288 220 4347; x_wconf 66' lang='lat' dir='ltr'>unta</span> <span class='ocrx_word' id='word_1_272' title='bbox 231 4280 392 4368; x_wconf 74' lang='lat' dir='ltr'>diligsmio</span> <span class='ocrx_word' id='word_1_273' title='bbox 404 4281 508 4349; x_wconf 88' lang='lat' dir='ltr'>onmia</span> <span class='ocrx_word' id='word_1_274' title='bbox 519 4283 610 4348; x_wconf 88' lang='lat' dir='ltr'>litora</span> <span class='ocrx_word' id='word_1_275' title='bbox 622 4281 849 4367; x_wconf 87' lang='lat' dir='ltr'>aPompeianis</span> <span class='ocrx_word' id='word_1_276' title='bbox 863 4281 1056 4359; x_wconf 87' lang='lat' dir='ltr'>tenebantur,</span> <span class='ocrx_word' id='word_1_277' title='bbox 1075 4281 1155 4347; x_wconf 86' lang='lat' dir='ltr'>clos-</span> 
     </span>
     <span class='ocr_line' id='line_1_39' title="bbox 128 4374 1153 4462; baseline -0.003 -21"><span class='ocrx_word' id='word_1_278' title='bbox 128 4396 247 4460; x_wconf 84' lang='lat' dir='ltr'>sesque</span> <span class='ocrx_word' id='word_1_279' title='bbox 263 4376 373 4462; x_wconf 86' lang='lat' dir='ltr'>ipsius,</span> <span class='ocrx_word' id='word_1_280' title='bbox 391 4398 470 4460; x_wconf 89' lang='lat' dir='ltr'>quas</span> <span class='ocrx_word' id='word_1_281' title='bbox 488 4376 590 4441; x_wconf 86' lang='lat' dir='ltr'>hieme</span> <span class='ocrx_word' id='word_1_282' title='bbox 602 4377 635 4440; x_wconf 91' lang='lat' dir='ltr'>in</span> <span class='ocrx_word' id='word_1_283' title='bbox 649 4375 767 4453; x_wconf 84' lang='lat' dir='ltr'>Sicilia,</span> <span class='ocrx_word' id='word_1_284' title='bbox 787 4374 900 4453; x_wconf 90' lang='lat' dir='ltr'>Gallia,</span> <span class='ocrx_word' id='word_1_285' title='bbox 918 4376 1010 4441; x_wconf 82' lang='lat' dir='ltr'>Italia</span> <span class='ocrx_word' id='word_1_286' title='bbox 1027 4376 1153 4450; x_wconf 82' lang='lat' dir='ltr'>fecerat,</span> 
     </span>
     <span class='ocr_line' id='line_1_40' title="bbox 126 4466 1153 4555; baseline -0.004 -21"><span class='ocrx_word' id='word_1_287' title='bbox 126 4466 394 4547; x_wconf 59' lang='lat' dir='ltr'>momhantur,¹in</span> <span class='ocrx_word' id='word_1_288' title='bbox 409 4469 542 4555; x_wconf 85' lang='lat' dir='ltr'>Epirum</span> <span class='ocrx_word' id='word_1_289' title='bbox 560 4470 603 4535; x_wconf 88' lang='lat' dir='ltr'>rei</span> <span class='ocrx_word' id='word_1_290' title='bbox 621 4469 840 4534; x_wconf 86' lang='lat' dir='ltr'>frumentariae</span> <span class='ocrx_word' id='word_1_291' title='bbox 858 4492 953 4534; x_wconf 86' lang='lat' dir='ltr'>causa</span> <span class='ocrx_word' id='word_1_292' title='bbox 972 4468 1013 4552; x_wconf 87' lang='lat' dir='ltr'>Q.</span> <span class='ocrx_word' id='word_1_293' title='bbox 1027 4469 1153 4534; x_wconf 89' lang='lat' dir='ltr'>Tillium</span> 
     </span>
     <span class='ocr_line' id='line_1_41' title="bbox 126 4562 1153 4651; baseline -0.003 -22"><span class='ocrx_word' id='word_1_294' title='bbox 126 4575 162 4629; x_wconf 85' lang='lat' dir='ltr'>et</span> <span class='ocrx_word' id='word_1_295' title='bbox 184 4562 228 4628; x_wconf 87' lang='lat' dir='ltr'>L.</span> <span class='ocrx_word' id='word_1_296' title='bbox 251 4562 438 4629; x_wconf 84' lang='lat' dir='ltr'>Canuleium</span> <span class='ocrx_word' id='word_1_297' title='bbox 463 4564 601 4651; x_wconf 85' lang='lat' dir='ltr'>legatum</span> <span class='ocrx_word' id='word_1_298' title='bbox 628 4564 726 4642; x_wconf 86' lang='lat' dir='ltr'>misit,</span> <span class='ocrx_word' id='word_1_299' title='bbox 753 4564 899 4649; x_wconf 88' lang='lat' dir='ltr'>qnodque</span> <span class='ocrx_word' id='word_1_300' title='bbox 924 4564 985 4630; x_wconf 87' lang='lat' dir='ltr'>hae</span> <span class='ocrx_word' id='word_1_301' title='bbox 1009 4564 1153 4648; x_wconf 84' lang='lat' dir='ltr'>regiones</span> 
     </span>
    </p>
   </div>
   <div class='ocr_carea' id='block_1_4' title="bbox 0 0 1352 5206">
    <p class='ocr_par' dir='ltr' id='par_1_4' title="bbox 0 0 1352 5206">
     <span class='ocr_line' id='line_1_42' title="bbox 0 0 1352 5206; baseline 0 0"><span class='ocrx_word' id='word_1_302' title='bbox 0 0 1352 5206; x_wconf 95' lang='lat' dir='ltr'> </span> 
     </span>
    </p>
   </div>
  </div>
 </body>
</html>
