2692 5206
475 809 593 866 COMM.
612 811 634 866 1.
653 812 771 866 32-36.
1073 800 1134 866 193

133 928 375 1011 lisputationibus
409 934 723 1018 excusationibusque
756 935 934 1000 extrahitur.
984 935 1136 1002 subicitur

142 1022 217 1091 etism
230 1029 266 1092 L.
284 1027 448 1105 Metellus,
472 1029 614 1094 tribunus
633 1028 748 1113 plebis,
768 1029 808 1093 ab
825 1030 957 1095 inimicis
977 1029 1133 1107 Caesaris,

92 1160 94 1171 ·
147 1115 185 1199 qui
197 1119 265 1186 hanc
281 1145 349 1187 rem
362 1123 513 1187 distrahat
526 1124 722 1206 reliquasque
736 1147 797 1200 res,
816 1146 1029 1208 quascumque
1042 1148 1134 1212 agere

151 1210 288 1292 instituerit,
307 1215 466 1300 impediat.
495 1217 583 1280 cuius
602 1218 727 1302 cognito
745 1218 873 1282 consilio
888 1217 1008 1284 Caesar
1020 1218 1136 1283 frustra

153 1303 229 1374 diebus
248 1310 365 1394 aliquot
387 1313 595 1396 consumptis,
622 1335 661 1376 ne
683 1313 837 1397 reliquum
859 1324 982 1398 tempus
1005 1315 1134 1392 amittat,

154 1396 239 1466 infectis
254 1405 306 1480 iis,
325 1425 406 1487 quae
424 1427 518 1490 agere
536 1406 758 1482 destinaverat,
778 1406 818 1471 ab
837 1407 912 1472 urbe
930 1407 1137 1492 proficiscitur

153 1501 215 1578 atque
232 1499 262 1561 in
282 1498 459 1563 ulteriorem
479 1496 613 1563 Galliam
632 1501 781 1584 pervenit.
818 1522 880 1583 quo
899 1523 970 1565 cum
987 1501 1135 1578 venisset,
1155 1519 1187 1567 ar

153 1592 274 1674 cognoscit
299 1592 431 1656 missum
461 1593 495 1656 in
520 1592 708 1678 Hispaniam
740 1618 759 1657 a
784 1593 936 1679 Pompeio
962 1594 1137 1660 Vibullium

151 1677 248 1762 bom,
273 1707 368 1770 quom
389 1687 498 1770 paucis
521 1698 592 1751 ante
619 1687 728 1752 diebus
753 1687 891 1752 Corfinio
918 1698 1043 1774 captum
1068 1689 1137 1772 ipse

151 1775 284 1858 luserat,
303 1781 476 1866 profectum
491 1783 564 1846 item
577 1781 752 1847 Domitium
768 1783 808 1846 ad
821 1783 1036 1868 occupandam
1048 1781 1137 1846 Mas·

151 1870 220 1938 sitiam
234 1874 364 1939 navibus
382 1875 527 1940 actuariis
546 1886 675 1960 septem,
695 1898 773 1958 quas
787 1877 860 1962 Igili
878 1887 908 1940 et
925 1877 958 1941 in
973 1875 1100 1941 Cosano
1118 1899 1138 1940 a

150 1965 242 2047 privatis
258 1980 382 2034 coactas
402 1969 513 2047 seruis,
536 1970 669 2047 libertis,
693 1971 810 2035 colonis
830 1971 894 2036 suis
913 1971 1136 2057 compleverat3

150 2063 302 2141 praemissos
329 2064 422 2128 ctiam
448 2063 570 2149 legatos
596 2063 814 2129 Massilienses
841 2065 983 2142 domum,
1015 2064 1136 2129 nobiles

133 2152 342 2234 ‘edenenas
366 2179 445 2240 quos
464 2157 504 2222 ab
522 2157 598 2223 urbe
620 2159 784 2223 discedens
802 2158 972 2244 Pompeius
996 2170 1061 2223 erat
1082 2158 1138 2223 ad-

149 2241 266 2329 hortatus,
289 2273 330 2316 ne
346 2274 430 2316 nova
449 2251 595 2316 Caesaris
614 2252 718 2317 officia
735 2265 875 2317 veterum
898 2276 1025 2317 suorum
1042 2252 1139 2317 bene-

148 2336 254 2408 ficiomm
274 2345 307 2408 in
329 2367 384 2409 eos
406 2347 591 2410 memoriam
613 2346 812 2430 expellerent.
849 2347 963 2431 quibus
982 2346 1136 2411 mandatis

148 2437 250 2521 acceptis
266 2437 487 2504 Massilienses
505 2449 610 2524 portas
631 2438 760 2505 Caesari
784 2441 972 2518 clauserant;
994 2440 1136 2517 Albicos,

147 2523 260 2597 barbaros
278 2532 430 2611 homines,
449 2534 502 2616 qui
521 2534 674 2598 incorum
689 2535 749 2599 fide
764 2536 933 2619 antiquitus
949 2545 1036 2600 erant
1050 2558 1138 2599 mon-

146 2627 224 2706 tesque
240 2649 335 2711 supra
347 2626 525 2691 Massiliam
542 2628 728 2706 incolebant,
752 2630 793 2692 ad
807 2652 840 2692 se
854 2639 1056 2705 vocaveraut3
1074 2628 1138 2692 fru-

145 2728 252 2783 mentum
269 2743 309 2784 ex
326 2720 465 2786 finitimis
483 2721 664 2808 regionibus
683 2733 776 2804 atque
791 2744 830 2785 cx
843 2721 987 2786 omnibus
1002 2720 1137 2785 castellis

144 2804 271 2878 lnurbem
289 2825 511 2893 convexerant;
531 2839 687 2880 armorum
701 2816 843 2880 officinas
856 2816 889 2879 in
907 2815 984 2879 urbe
997 2815 1140 2878 institue-

144 2916 202 2982 rart3
224 2929 343 2984 muros,
370 2918 489 2992 portas,
517 2909 651 2973 classem
673 2908 861 2973 reficiebant.
907 2919 1016 2973 evocat
1038 2908 1079 2972 ad
1105 2928 1139 2971 se
1157 2927 1189 2975 aa

144 2991 235 3064 Caesar
249 2999 395 3065 Massilia
407 3001 473 3067 XV
492 3003 618 3086 primos.
647 3025 718 3067 cum
736 3003 784 3066 his
803 3003 878 3088 agit,
897 3024 936 3067 ne
954 3001 1076 3066 initium
1092 3001 1140 3064 in·

144 3086 234 3158 ferendi
250 3092 324 3159 belli
342 3094 382 3159 ab
399 3095 654 3161 Massiliensibus
674 3097 804 3162 oriatur:
825 3096 938 3160 debere
956 3117 1010 3160 eos
1028 3095 1138 3159 Italiac

143 3184 213 3250 totius
228 3189 442 3253 auctoritatem
460 3191 548 3273 sequi
566 3192 685 3275 potius,
708 3213 802 3274 quam
820 3191 913 3255 unius
930 3189 1065 3253 hominis
1083 3212 1139 3254 vo-

141 3271 227 3343 luntati
246 3280 470 3368 obtemperare.
514 3284 646 3367 reliqua,
674 3308 755 3368 quae
781 3284 822 3349 ad
848 3308 956 3349 eorum
982 3283 1138 3349 sanandas

142 3382 237 3438 mentes
261 3377 415 3461 pertinere
438 3377 658 3456 arbitrabatur,
686 3390 916 3444 commemorat.
956 3379 1045 3443 cuius
1071 3401 1139 3443 ora

142 3461 233 3532 tionem
254 3469 350 3557 legati
373 3473 502 3536 domum
523 3472 663 3537 referunt
685 3484 778 3556 atque
801 3496 840 3536 ex
862 3473 1043 3537 arictodtate
1060 3471 1139 3536 haeo

144 3551 248 3625 Caesari
269 3566 459 3630 renuntiant:
485 3566 665 3652 intellegere
688 3590 721 3632 se
744 3567 880 3630 divisum
903 3588 971 3631 csse
989 3565 1139 3650 populum

143 3647 294 3722 Romanum
312 3660 345 3723 iu
362 3660 441 3725 duas
458 3672 571 3745 partes.
601 3684 703 3744 neque
717 3661 765 3725 sui
777 3661 884 3725 iudicii
896 3682 997 3743 neque
1012 3681 1138 3722 suarum

142 3764 194 3813 esse
209 3754 316 3817 virium
334 3754 508 3831 decernere,
527 3765 596 3819 utra
612 3778 685 3840 pars
700 3756 858 3819 iustiorem
870 3754 984 3819 habeat
1002 3775 1138 3817 eausam.

141 3840 272 3932 pfiucipes
293 3870 369 3912 vero
392 3870 461 3913 esse
484 3872 590 3913 earum
612 3850 747 3934 partium
767 3847 825 3913 Cn.
844 3847 1031 3933 Pompeium
1050 3857 1080 3910 et
1099 3844 1137 3910 C.

92 3912 95 4001 l
141 3930 301 4019 Caesarem,
323 3953 471 4027 patronos
489 3944 622 4009 civitatis
629 3969 637 4023 ;
661 3966 792 4027 quorum
815 3943 892 4008 alter
914 3965 1007 4029 agros
1024 3939 1140 4006 Volca-

92 4074 94 4079 -
136 4046 193 4095 rum
207 4032 459 4101 Arecomicorum
482 4048 512 4102 et
530 4037 715 4103 Helviorum
737 4038 861 4124 publico
879 4038 917 4102 iis
941 4037 1137 4111 concesserit,

135 4118 200 4190 aller
214 4125 293 4194 bello
311 4130 410 4195 victos
431 4129 555 4216 Sallyas
573 4131 745 4197 attribuerit
763 4131 989 4217 vectigaliaque
1008 4130 1138 4195 auxerit.

132 4235 214 4299 quare
233 4222 361 4308 paribus
383 4246 491 4289 eorum
514 4225 672 4291 beneficiis
694 4249 801 4312 parem
824 4249 858 4290 se
880 4247 1004 4308 quoque
1030 4224 1139 4289 volun·

130 4321 213 4379 atem
234 4317 368 4383 tribuere
391 4318 504 4383 debere
527 4330 559 4384 ot
580 4331 725 4384 neutrum
747 4343 855 4385 eorum
878 4329 986 4383 contra
1007 4318 1138 4383 alterum

127 4402 223 4473 iuvare
235 4420 289 4475 aut
306 4410 383 4477 urbe
397 4423 451 4476 aut
464 4413 605 4497 portibus
623 4414 769 4498 recipere.
801 4414 878 4478 haec
896 4412 971 4476 dum
988 4412 1067 4476 inter
1084 4434 1138 4476 eos
1157 4431 1189 4477 as

124 4511 264 4587 aguntur,
290 4504 450 4571 Domitius
473 4507 606 4572 navibus
624 4506 801 4572 Massiliam
823 4506 963 4591 pervenit
985 4516 1078 4588 atquc
1100 4504 1139 4568 ab

120 4593 154 4662 iis
171 4609 314 4684 receptus
332 4599 402 4666 urbi
419 4602 608 4685 praeficitur:
629 4625 751 4667 summa
768 4602 796 4666 ci
814 4601 887 4667 belli
904 4599 1140 4667 administrandi

171 4698 237 4744 latias
251 4699 338 4744 Cacsar.
939 4702 971 4755 13
