2692 5206
510 781 782 839 oouu.11.1-a.
1084 772 1148 839 215

189 906 284 972 Dum
297 905 376 971 baec
388 905 421 969 in
434 904 589 991 Hispania
602 915 759 991 geruntur,
780 904 817 971 C.
828 905 1002 973 Trebonius
1015 909 1146 995 legatus,

106 1000 177 1081 qui
200 1000 245 1064 ad
265 999 529 1086 oppugnationem
546 997 707 1064 Massiliae
724 999 849 1065 relictus
867 1010 945 1078 erat,
969 1001 1090 1068 duabus
1107 1025 1148 1068 ex

112 1092 272 1174 partibus
290 1114 447 1179 aggerem,
465 1093 573 1157 vineas
591 1102 752 1175 turresque
770 1093 810 1156 ad
828 1094 976 1179 oppidum
992 1117 1085 1180 agere
1101 1096 1149 1160 in·

124 1184 241 1251 stituit.
283 1208 347 1250 una
363 1197 429 1251 erat
445 1186 588 1271 proxima
604 1186 708 1271 portui
729 1186 967 1270 navalibusque,
994 1189 1091 1254 altera
1106 1190 1149 1256 ad

131 1289 266 1359 partem,
292 1300 355 1362 qua
377 1289 425 1344 est
446 1280 549 1344 aditus
571 1301 611 1343 ex
630 1277 732 1344 Gallia
755 1291 847 1364 atque
864 1280 1032 1366 Hispania,
1059 1282 1148 1348 adid

140 1389 233 1449 mare,
258 1373 343 1456 quod
363 1372 485 1438 adiacet
506 1373 546 1437 ad
568 1373 683 1438 ostium
704 1373 858 1438 Rhodani.
901 1373 1045 1441 Massilia
1066 1377 1148 1441 enim

146 1460 206 1528 lere
220 1488 256 1530 ex
272 1466 371 1531 tdbus
390 1467 496 1551 oppidi
512 1466 652 1550 partibus
665 1468 743 1531 mari
756 1467 892 1545 alluitur3
910 1467 1029 1551 reliqua
1040 1478 1149 1552 quarta

153 1568 205 1632 est,
226 1581 300 1643 quae
322 1558 442 1623 aditum
463 1558 577 1623 habeat
598 1558 638 1624 ab
661 1571 750 1624 terra.
794 1560 887 1626 huius
908 1582 1032 1646 quoque
1058 1563 1149 1647 spatii
1272 1640 1275 1645 p

156 1666 270 1729 persea
288 1674 368 1735 quae
386 1651 427 1715 ad
444 1670 547 1716 arcem
563 1653 704 1737 pertinet,
723 1653 784 1718 loci
800 1664 911 1718 natura
928 1663 960 1718 et
971 1653 1052 1718 valle
1064 1654 1149 1719 altis-

161 1739 221 1807 sima
237 1746 351 1811 munita
371 1745 499 1832 longam
520 1757 551 1810 et
573 1746 731 1811 difficilem
757 1747 851 1812 babet
876 1748 1147 1834 oppugnationem.

162 1832 239 1902 sdes
254 1839 441 1923 perficienda
461 1861 556 1924 opera
578 1837 616 1904 C.
635 1839 809 1905 Trebonius
832 1863 977 1926 magnam
998 1841 1149 1906 iumento-

164 1946 215 1993 rum
227 1944 311 2015 suque
327 1932 489 1996 hominum
506 1932 735 1997 multitudinem
757 1956 797 1998 ex
814 1933 898 1998 omni
919 1933 1078 2018 provincia
1094 1955 1149 1998 vo-

165 2032 211 2099 ffll3
228 2026 333 2091 vimina
351 2028 572 2109 materiamque
590 2028 775 2111 comportari
792 2027 886 2094 iubet.
930 2027 1043 2111 quibus
1065 2048 1149 2092 oom-

165 2118 251 2194 paratis
277 2119 371 2185 rebus
403 2143 552 2206 aggerem
581 2122 614 2184 in
644 2122 837 2186 altitudinem
865 2121 982 2207 pedum
1006 2119 1149 2185 LXXX

166 2212 271 2277 munit.
306 2214 363 2277 sed
380 2214 457 2277 tanti
474 2225 561 2277 erant
578 2215 746 2298 antiquitus
764 2215 796 2279 in
814 2215 929 2301 oppido
946 2214 1084 2280 omnium
1100 2236 1148 2279 re-
1166 2235 1192 2282 a·

166 2317 213 2365 mu
223 2307 256 2371 ed
267 2307 383 2373 bellum
397 2318 563 2393 apparatus
578 2319 723 2392 tantaque
740 2309 904 2374 multitudo
917 2319 1147 2387 tormentorum,

165 2399 188 2452 ul
200 2416 290 2465 comm
307 2402 371 2464 vim
389 2401 492 2465 nullae
510 2411 671 2466 contextae
689 2402 856 2466 viminibus
870 2403 979 2468 vineae
997 2402 1148 2469 sustinere

165 2503 269 2566 potunt.
318 2517 441 2558 asseres
468 2495 550 2558 enim
576 2495 691 2579 pedum
716 2495 789 2558 XII
814 2495 994 2580 cuspidibus
1020 2494 1148 2580 praefixi

164 2586 229 2664 tque
243 2586 274 2650 hi
291 2587 436 2651 maximis
454 2587 586 2652 ballistis
608 2588 697 2652 missi
718 2610 774 2672 por
790 2587 860 2651 1111
878 2589 1001 2651 ordines
1019 2587 1149 2651 cratium

162 2669 262 2744 interra
283 2680 506 2766 deligebantur.
550 2681 654 2762 itaque
675 2680 838 2765 pedalibus
860 2679 953 2766 lignis
975 2680 1147 2744 coniunctis

161 2761 218 2834 inter
228 2795 258 2837 se
271 2774 408 2859 porticus
422 2773 645 2860 integebantur,
660 2785 753 2857 atquc
766 2774 824 2837 hac
838 2795 935 2858 agger
947 2773 1026 2836 inter
1038 2795 1148 2836 manus

160 2863 354 2941 proferebatur.
399 2866 600 2931 antecedebat
623 2867 745 2931 testudo
767 2866 883 2950 pedum
905 2865 975 2930 LX
996 2865 1149 2947 aequandi

159 2948 201 3019 lai
214 2980 305 3024 causa
321 2961 407 3024 facta
423 2960 496 3024 item
514 2982 554 3024 ex
571 2958 750 3024 fortissimis
768 2959 876 3044 lignis,
901 2957 1067 3022 convoluta
1084 2979 1150 3020 orn-

158 3047 340 3131 asserebas,
360 3053 474 3136 quibus
488 3053 569 3138 ignis
584 3053 682 3118 iactus
697 3064 728 3118 et
740 3053 859 3138 lapides
873 3051 998 3116 defendi
1011 3060 1147 3136 possent.

157 3144 198 3208 sed
210 3147 387 3233 magnitudo
405 3170 542 3232 operum,
561 3147 690 3212 altitudo
709 3147 789 3212 muri
806 3156 898 3231 atque
913 3146 1051 3222 turrium,
1070 3144 1149 3209 mul-

157 3233 234 3303 titudo
261 3250 485 3305 tormentorum
514 3263 637 3305 omnem
668 3240 963 3304 administrationem
998 3236 1148 3302 tardabat.

157 3327 259 3397 crebrae
282 3334 376 3398 etiam
397 3355 453 3418 per
472 3333 604 3398 Albicos
628 3333 804 3418 eruptiones
826 3332 942 3397 fiebant
963 3354 1003 3395 ex
1024 3330 1148 3416 oppido,

156 3416 282 3509 ignesque
300 3427 408 3512 aggeri
425 3436 456 3490 et
468 3426 603 3490 turribus
616 3424 838 3502 inscrebantur3
857 3446 937 3508 quae
949 3423 1040 3488 facile
1053 3423 1150 3488 nostri

158 3511 248 3582 milites
262 3519 454 3604 repellebant
471 3520 654 3605 magnisque
672 3519 751 3583 ultro
768 3518 861 3582 illatis
879 3517 1069 3581 detrimentis
1085 3538 1148 3592 eos,

159 3606 199 3685 qui
210 3613 398 3697 eruptionem
414 3612 564 3689 fecerant,
587 3613 620 3676 in
643 3613 791 3696 oppidum
807 3609 984 3676 reiciebant.
1027 3609 1183 3676 interima

160 3694 190 3761 b.
198 3700 335 3771 Nasidius
353 3706 393 3771 ab
412 3704 472 3771 Cn.
486 3705 638 3790 Pompeio
655 3729 728 3771 cum
745 3705 845 3770 classe
862 3704 988 3768 navium
1004 3701 1100 3779 XVI,
1118 3703 1150 3766 in

162 3793 248 3872 qdbus
263 3821 382 3885 paucae
399 3810 486 3864 erant
507 3810 643 3877 aeratae,
665 3801 706 3864 L.
724 3798 865 3863 Domitio
882 3795 1150 3862 Massiliensibus-

163 3901 206 3963 que
219 3891 353 3958 subsidio
375 3894 490 3959 missus
512 3893 592 3959 freto
612 3892 737 3959 Siciliae
758 3893 952 3978 imprudente
975 3901 1067 3974 atque
1085 3891 1151 3955 ino-

163 3972 261 4055 lisama
270 3985 407 4052 Curione
420 3988 597 4072 pervehitur
610 3987 811 4074 appulsisque
823 3986 1006 4050 Messanam
1018 3984 1150 4048 navibus

164 4078 232 4155 fitque
246 4080 316 4145 inde
333 4092 460 4167 propter
475 4082 670 4166 repentinum
688 4091 834 4146 terrorem
856 4080 1030 4165 principum
1048 4100 1085 4143 ao
1103 4100 1150 4142 so-

164 4174 232 4235 mus
245 4173 321 4261 suga
338 4175 423 4240 sacta
439 4198 551 4239 navem
570 4198 608 4239 ex
626 4174 789 4239 navalibus
807 4196 914 4239 eorum
931 4171 1064 4236 deducit.
1091 4171 1151 4234 hac

165 4253 329 4333 duonad
341 4267 476 4352 reliquas
485 4290 582 4332 naves
591 4290 716 4332 cursum
725 4266 901 4331 Massiliam
910 4287 1018 4330 versus
1031 4263 1150 4348 perlicit

165 4360 367 4446 sanansque
385 4361 465 4426 clam
481 4362 625 4427 navicula
636 4361 812 4426 Domitium
824 4358 1094 4441 Massiliensisque
1111 4357 1150 4420 de

166 4457 208 4507 ³¹1⁰
221 4453 347 4520 adventu
364 4455 509 4520 certiores
526 4455 601 4521 facit
619 4474 735 4538 cosque
749 4475 937 4539 magnopere
950 4453 1098 4526 hortatur,
1117 4458 1150 4512 ut

166 4550 246 4610 mrsu,
266 4570 337 4613 cum
358 4547 449 4613 Bruti
471 4549 571 4613 classe
597 4549 710 4613 additis
733 4548 797 4612 suis
825 4547 946 4612 auxiliis
973 4543 1148 4629 confligant.
