2738 5272
272 772 292 837 8
591 780 643 837 DE
661 778 789 836 BELLO
809 776 977 837 Gnuutco

271 916 488 994 temptassent,
507 905 592 990 quod
609 906 776 981 Haeduos,
794 903 879 989 quod
896 903 1083 981 Ambarros,
1102 903 1189 988 quod
1207 904 1300 972 Allo-

271 1004 385 1089 brogas
404 1012 584 1077 vexassent,
609 1001 791 1066 memoriam
812 1000 968 1084 deponere
989 998 1104 1083 posse?
1129 1000 1218 1083 quod
1241 1023 1300 1065 suu

270 1098 399 1162 uictoria
421 1108 484 1161 tam
506 1096 674 1161 insolenter
696 1095 902 1182 gloriarentur
923 1094 1069 1178 quodque
1092 1106 1158 1159 tarn
1180 1096 1238 1160 diu
1263 1118 1298 1162 se

270 1193 397 1276 impunc
427 1191 555 1255 iniurias
586 1191 696 1254 tulisse
722 1190 961 1265 admirarentur,
989 1189 1099 1253 eodem
1130 1190 1296 1274 pertinere.

271 1308 440 1351 consuesse
458 1286 541 1349 eninr
559 1285 634 1350 deos
653 1284 932 1367 immortalesque
948 1284 1076 1369 gravius
1094 1284 1240 1350 homines
1258 1309 1297 1351 ex

271 1381 512 1444 commutatione
543 1402 645 1445 rerum
672 1379 810 1456 doleant,
842 1399 921 1461 quos
952 1400 1008 1462 pro
1039 1378 1157 1443 scelere
1187 1400 1296 1444 eorum

270 1475 379 1539 ulcisci
400 1474 509 1551 velint,
532 1474 581 1538 lris
605 1473 805 1538 secundiores
827 1472 983 1537 interdurn
1005 1494 1055 1537 rcs
1074 1483 1106 1537 et
1122 1473 1296 1538 diuturnio-

270 1590 337 1633 rem
358 1569 575 1654 impunitatem
597 1568 776 1632 concedere.
820 1589 893 1631 eum
910 1588 948 1631 ea
964 1567 1009 1631 ita
1026 1566 1101 1644 sint,
1125 1578 1246 1645 tamen,
1270 1568 1296 1632 si

270 1662 397 1727 obsides
415 1662 455 1726 ab
474 1663 513 1726 iis
532 1661 591 1726 sibi
610 1662 730 1739 dentur,
745 1660 790 1725 uti
805 1682 852 1737 ca,
866 1682 946 1744 quae
963 1661 1176 1746 polliceantur,
1195 1662 1296 1727 farctu-

270 1779 322 1821 ros
340 1757 509 1842 intellegat,
528 1767 558 1819 et
577 1756 602 1820 si
621 1755 765 1820 Haeduis
783 1754 823 1818 de
841 1754 971 1830 iniuriis,
990 1777 1069 1838 quas
1089 1755 1168 1841 ipsis
1186 1756 1297 1821 sociis-

270 1874 331 1934 que
354 1873 461 1914 corum
488 1850 660 1926 intulerint,
688 1850 762 1913 itern
786 1849 813 1912 si
834 1848 1061 1934 Allobrogibus
1090 1848 1296 1925 satisfaciant,

271 1966 340 2009 sese
367 1966 439 2007 eum
465 1943 503 2007 iis
530 1965 640 2028 pacem
657 1965 737 2007 esso
763 1941 928 2007 lucturum.
976 1941 1092 2006 Divico
1117 1943 1295 2028 respondit:

270 2038 314 2101 ita
339 2037 505 2101 Helvetios
532 2061 551 2100 a
576 2036 746 2101 maioribus
778 2037 843 2101 suis
870 2037 1027 2101 institutos
1054 2057 1138 2114 esse,
1166 2037 1213 2100 uti
1240 2036 1297 2102 ob-

271 2131 354 2195 sides
381 2131 536 2215 acciperc,
559 2153 622 2194 non
647 2131 735 2208 dure,
758 2131 951 2195 consuerint:
977 2131 1045 2195 eius
1072 2131 1117 2195 rei
1141 2130 1297 2216 populum

271 2224 449 2289 Romanum
483 2247 553 2289 esse
589 2234 710 2289 testem.
763 2225 824 2289 hoc
854 2247 1005 2310 responso
1035 2224 1109 2288 elato
1138 2225 1295 2289 discessit.

222 2342 253 2388 15
270 2329 393 2402 postero
420 2319 470 2383 dic
496 2330 598 2383 eastra
620 2341 659 2382 ex
681 2342 718 2383 eo
744 2319 814 2383 loco
835 2330 970 2383 movent.
1010 2318 1094 2383 idem
1115 2318 1191 2383 facit
1213 2317 1295 2384 Cae·

271 2435 323 2477 sar
340 2413 573 2495 equitatumque
592 2435 730 2490 omnem,
754 2413 794 2477 ad
816 2434 980 2477 numerum
999 2424 1145 2496 quattuor
1162 2412 1295 2489 milium,

271 2529 364 2590 quem
387 2508 533 2571 exomni
556 2507 717 2593 provincia
739 2518 770 2571 et
787 2507 931 2571 llaeduis
954 2518 1046 2590 atque
1069 2528 1176 2571 eorum
1200 2508 1296 2571 sociis

272 2612 414 2665 coactum
433 2600 583 2679 habebat,
606 2601 789 2687 praemittit,
812 2601 866 2683 qui
884 2600 1024 2677 rideant,
1043 2623 1122 2684 squas
1140 2600 1173 2664 in
1190 2610 1296 2685 partes

270 2694 377 2761 hostes
395 2696 453 2759 iter
470 2695 595 2760 faciant.
640 2695 694 2779 qui
716 2695 859 2779 cupidius
881 2694 1089 2758 novissimum
1111 2715 1224 2779 agmen
1247 2694 1296 2757 in·

271 2790 368 2854 secuti
399 2791 501 2855 alieno
531 2790 598 2855 loeo
629 2813 701 2854 enm
732 2789 872 2872 equitatu
897 2787 1115 2852 Helvetiorum
1141 2787 1295 2872 proelium

271 2885 480 2961 committunt3
499 2896 530 2949 ct
546 2886 638 2971 pauci
656 2885 695 2948 de
712 2884 827 2948 nostris
846 2883 969 2948 eadunt.
1005 2905 1067 2967 quo
1085 2882 1203 2967 proelio
1220 2881 1297 2947 sub-

270 2978 324 3041 lati
342 2978 596 3062 I·lelrctii„quod
613 2978 793 3063 quingentis
812 2977 968 3060 equitibus
987 2986 1105 3041 tantam
1122 2976 1297 3040 multitudi-

270 3093 341 3134 nenr
369 3073 506 3154 equitum
532 3071 746 3157 propulerant,
774 3072 923 3136 audacius
948 3070 1118 3136 subsistere
1140 3092 1297 3135 nonnum-

270 3187 365 3246 quam
384 3178 413 3228 et
431 3167 602 3231 novissimo
621 3167 744 3251 agmine
762 3167 880 3250 proelio
902 3177 1025 3231 nostrus
1047 3165 1202 3231 lacessere
1224 3186 1297 3229 eoe-

270 3269 391 3342 perunt.
423 3260 543 3324 Caesar
556 3284 630 3325 suos
644 3284 663 3324 a
675 3260 794 3345 proelio
813 3260 991 3326 continebat
1009 3282 1046 3324 ac
1064 3260 1140 3325 satis
1158 3258 1296 3324 habebat

270 3352 303 3414 in
324 3355 500 3437 praesentia
518 3354 640 3418 hostem
659 3355 789 3438 rapinis,
809 3354 1063 3441 pabulationibus
1085 3353 1296 3439 populationi-

270 3445 392 3529 busque
414 3448 587 3532 prohibere.
632 3450 676 3513 ita
698 3450 765 3514 dies
788 3451 910 3514 circiter
931 3449 1109 3533 quindecim
1130 3449 1190 3513 iter
1211 3447 1296 3512 fecc-

270 3552 355 3618 runt,
383 3543 429 3605 uti
455 3543 534 3608 inter
559 3545 766 3609 novissimum
794 3545 930 3609 hostiurn
956 3566 1070 3629 agmen
1095 3553 1127 3607 et
1152 3554 1295 3608 nostrum

269 3636 404 3720 primum
426 3660 489 3702 non
511 3638 644 3724 amplius
667 3639 771 3722 quinis
799 3649 853 3702 aut
879 3638 962 3703 senis
988 3636 1114 3702 milibus
1140 3659 1296 3722 passuum

269 3732 441 3796 interesset.

223 3845 251 3891 tc
332 3828 461 3892 Interim
493 3828 604 3893 cotidie
637 3827 756 3893 Caesar
785 3827 939 3892 llaeduos
970 3826 1176 3903 frumentum,
1207 3823 1295 3909 quod

270 3933 374 3986 essent
399 3922 523 4007 publice
549 3922 692 4007 polliciti,
719 3922 871 4007 flagitare:
914 3945 987 3985 nam
1013 3933 1140 4006 propter
1165 3918 1293 4004 frigora,

269 4016 353 4095 quod
373 4013 477 4079 Gallia
495 4016 554 4081 sub
574 4015 850 4100 septentrionibus,
872 4024 907 4078 ut
925 4026 997 4080 ante
1015 4015 1133 4078 dictum
1152 4022 1214 4089 est,
1237 4034 1295 4097 po-

270 4109 329 4171 sita
352 4120 413 4184 est,
436 4133 499 4174 non
521 4112 614 4174 rrrodo
636 4111 794 4174 frumenta
816 4110 848 4172 in
867 4110 950 4195 agris
974 4120 1097 4173 matura
1114 4129 1176 4170 non
1194 4115 1292 4181 erant,

270 4201 325 4263 sed
347 4224 385 4263 ne
403 4203 510 4284 pabuli
528 4205 654 4285 quidem
678 4204 754 4267 satis
778 4227 892 4287 magna
914 4204 1004 4288 eopia
1027 4200 1227 4287 suppetebatt
1255 4221 1293 4263 eo

270 4304 372 4356 autern
392 4294 557 4371 frumento,
577 4298 660 4380 quod
680 4298 807 4361 llumine
821 4297 922 4360 Arare
939 4296 1073 4361 naribus
1093 4294 1291 4368 subvexerat,

269 4396 431 4471 propterea
449 4389 493 4451 uti
511 4390 613 4453 minus
631 4403 766 4476 poterat,
790 4392 875 4475 quod
897 4391 955 4455 iter
972 4390 1012 4455 ab
1030 4389 1132 4453 Arare
1151 4386 1292 4451 Helvetii

270 4493 456 4557 averterant,
480 4483 630 4565 aquibus
649 4486 809 4550 discedere
831 4485 965 4550 nolebat.
1006 4486 1088 4549 diem
1108 4507 1148 4547 ex
1166 4482 1217 4545 die
1234 4480 1293 4544 du-

269 4598 339 4641 cere
357 4576 497 4642 Haedui:
518 4577 666 4655 conferri,
685 4581 885 4664 comportari,
905 4580 1016 4647 adesse
1034 4578 1147 4644 dicere.
1183 4575 1240 4640 ubi
1258 4594 1293 4639 se
