2738 5272
191 775 256 842 202
534 783 587 839 DE
605 782 731 840 BELLO
751 783 870 840 clv1u1

190 911 324 997 digressi
341 933 361 974 a
377 907 631 975 Massiliensibus
653 919 810 973 recentem
832 931 940 973 eorum
961 906 1227 993 pollicitationem

190 1005 301 1069 animis
320 1002 529 1079 continebant,
548 1014 753 1088 pastoresque
770 1002 912 1067 indomiti
927 1024 982 1087 spe
997 1001 1152 1068 libertatis
1167 1025 1227 1068 ex·

190 1098 276 1163 citati
293 1097 352 1162 sub
371 1097 469 1161 oculis
488 1096 606 1161 domini
629 1120 718 1161 suam
736 1095 869 1182 probare
892 1117 1018 1181 operam
1036 1094 1222 1161 studebant.

139 1212 171 1260 58
189 1193 250 1277 ipsi
271 1191 489 1256 Massilienses
512 1201 544 1255 et
565 1190 722 1255 celeritate
745 1190 872 1254 navium
895 1200 927 1254 et
949 1189 1079 1255 scientia
1100 1188 1224 1275 guber·

188 1296 331 1351 natorum
350 1284 458 1350 confisi
479 1295 604 1349 nostros
623 1284 791 1349 eludebant
811 1284 1009 1369 impetusque
1027 1306 1137 1348 corum
1156 1310 1223 1350 aon

188 1379 384 1465 excipiebant
401 1391 445 1456 et,
473 1380 577 1462 quoad
594 1377 709 1443 licebat
725 1379 834 1443 latiore
852 1379 897 1442 uti
920 1378 1034 1463 spatio,
1062 1378 1223 1462 producta

187 1474 312 1559 longius
339 1474 406 1538 acie
432 1474 655 1538 circumvenire
681 1483 804 1537 nostros
831 1483 885 1537 aut
910 1471 1051 1557 pluribus
1078 1471 1220 1538 nasibus

188 1569 301 1633 adoriri
327 1567 467 1654 singulas
494 1579 548 1632 aut
572 1590 676 1632 remos
703 1577 948 1631 transcurrentes
979 1566 1158 1651 detergere,
1192 1565 1221 1631 si

187 1673 329 1748 possent,
353 1661 594 1739 contendebant;
622 1684 694 1726 cum
711 1661 839 1746 propius
858 1670 924 1724 crat
944 1660 1121 1724 necessario
1141 1682 1222 1724 veu-

188 1769 263 1835 tum,
283 1755 323 1820 ab
342 1756 471 1820 scientia
487 1754 729 1841 gubernatorum
747 1765 840 1837 atque
858 1753 995 1819 artificiis
1009 1755 1049 1818 ad
1067 1754 1221 1819 virtutem

187 1862 405 1916 montanorum
428 1849 659 1936 confugiebant.
695 1849 794 1913 nostri
816 1871 887 1913 cum
910 1848 1013 1912 minus
1036 1847 1219 1913 exercitatis

186 1944 358 2030 remigibus
376 1944 541 2027 minusque
560 1945 666 2028 peritis
684 1942 946 2029 gubernatoribus
964 1941 1141 2016 utebantur,
1163 1943 1220 2026 qui

186 2051 314 2124 repente
337 2062 377 2103 cx
400 2039 548 2103 onerariis
571 2037 704 2103 navibus
732 2048 819 2102 erant
845 2038 988 2123 producti
1013 2059 1115 2120 neque
1139 2038 1220 2102 dum

187 2136 280 2199 etiam
298 2132 459 2198 vocabulis
478 2143 740 2198 armamentorum
759 2135 902 2218 cognitis,
921 2144 987 2198 tum
1005 2133 1100 2197 etiam
1119 2134 1220 2197 tardi·

187 2239 250 2292 tatc
268 2237 298 2291 ct
311 2227 462 2312 gravitate
476 2228 602 2291 navium
615 2227 877 2312 impediebantur:
896 2227 998 2292 factae
1011 2227 1094 2291 enim
1109 2226 1219 2292 subito

187 2317 227 2386 ex
244 2322 372 2384 humida
389 2321 519 2386 materia
535 2345 598 2385 nen
611 2323 744 2385 eundem
759 2344 852 2385 usum
866 2321 1030 2386 celeritatis
1044 2319 1219 2386 habebant.

186 2416 304 2498 itaque,
336 2416 411 2478 dum
438 2415 525 2480 loeus
552 2417 726 2480 comminus
754 2416 915 2500 pugnandi
942 2416 1078 2491 daretur,
1112 2437 1219 2498 aequo

189 2510 292 2573 animo
325 2509 464 2595 singulas
496 2508 577 2573 binis
609 2509 741 2573 navibus
774 2508 950 2573 obiciebant
981 2520 1072 2590 atque
1099 2507 1220 2574 iniecta

187 2625 282 2666 manu
308 2603 409 2667 ferrea
430 2614 461 2667 et
482 2614 602 2667 retenta
628 2614 759 2686 utraque
781 2626 860 2667 nave
888 2603 1003 2666 diversi
1028 2601 1220 2687 pugnabant

187 2708 279 2780 atque
297 2697 329 2760 in
346 2697 484 2762 hostium
502 2721 598 2763 naves
621 2697 882 2762 transcendebant
900 2708 931 2761 ct
948 2719 1063 2781 magno
1081 2719 1218 2763 numero

185 2791 370 2856 Albicorum
393 2802 424 2855 et
445 2804 606 2876 pastorum
627 2792 790 2855 interfecto
813 2802 933 2876 partem
955 2791 1082 2854 narium
1111 2790 1220 2874 depri-

185 2898 287 2963 munt,
306 2885 471 2950 nonnullas
490 2908 561 2950 cum
580 2886 758 2950 hominibus
778 2885 916 2968 capiunt,
935 2884 1070 2967 reliquas
1089 2883 1122 2946 in
1140 2906 1219 2967 por-

186 2992 251 3043 tum
265 2979 463 3063 compellunt.
492 3001 529 3042 co
543 2979 592 3041 dic
606 3002 702 3043 naves
716 2978 963 3043 Massiliensium
977 3000 1048 3042 cum
1062 2977 1111 3054 iis,
1131 2999 1218 3059 quac

186 3083 258 3137 sunt
276 3085 394 3157 captae,
413 3073 567 3136 intereunt
585 3072 696 3137 VHH.

133 3187 165 3234 59
247 3166 321 3229 Hae
338 3167 473 3249 primum
488 3165 617 3230 Caesari
635 3166 677 3229 ad
689 3166 825 3230 Ilerdam
843 3167 1015 3242 nuntiatum
1035 3165 1129 3229 simul
1141 3188 1218 3251 per·

184 3259 266 3322 fecto
284 3270 379 3343 ponte
397 3259 537 3322 celeriter
554 3260 679 3324 fortuna
696 3272 840 3324 mutatur.
868 3261 912 3324 illi
930 3259 1081 3344 perterriti
1095 3260 1216 3326 sirtutc

184 3352 323 3434 equitum
340 3352 443 3415 minus
461 3352 572 3430 libere,
599 3353 703 3417 minus
726 3355 873 3418 audacter
895 3353 1103 3438 vagabantur,
1133 3353 1216 3419 alias

184 3469 246 3509 non
263 3445 358 3531 longo
376 3469 395 3509 a
413 3446 521 3510 castris
539 3447 700 3531 progressi
719 3449 829 3532 spatie,
848 3458 882 3511 ut
900 3448 1031 3511 celerem
1048 3457 1216 3530 receptum

183 3540 345 3616 haberent,
369 3540 532 3625 angustius
551 3539 793 3625 pabulabantur,
822 3541 898 3605 alias
917 3541 1056 3625 longiore
1078 3539 1216 3605 circuitu

185 3635 341 3699 custodias
357 3635 567 3717 stationesque
577 3635 716 3718 equitum
730 3635 879 3711 vitabant,
895 3646 948 3698 aut
961 3635 1065 3716 aliquo
1078 3645 1215 3718 accepto

182 3729 365 3793 detrimento
383 3738 436 3792 aut
453 3728 562 3813 procul
580 3729 719 3811 equitatu
737 3729 804 3793 viso
827 3751 866 3792 ex
884 3729 987 3792 medio
1009 3728 1118 3792 itinere
1137 3753 1214 3814 pro-

182 3824 269 3888 iectis
288 3824 417 3888 sarcinis
435 3823 607 3909 fugiebant.
643 3833 801 3907 postremo
825 3834 854 3887 ct
876 3822 981 3907 plures
1003 3823 1212 3889 intermittere

182 3918 249 3981 dies
267 3927 298 3981 et
315 3929 438 4002 praeter
454 3917 710 3982 consuetudinem
724 3917 863 3981 omnium
876 3929 971 3981 noctu
983 3917 1213 3983 constituerant

133 4031 165 4076 aa
183 4011 334 4094 pabulari.
374 4012 497 4076 interim
524 4009 684 4076 Oscenses
713 4022 744 4075 et
767 4010 1010 4096 Calagurritani,
1039 4013 1092 4093 qui
1120 4025 1214 4078 erant

183 4127 254 4166 curn
274 4103 470 4170 Oscensibus
489 4105 669 4182 contributi,
688 4107 815 4169 mittunt
833 4107 874 4169 ad
892 4129 964 4170 eum
981 4106 1102 4191 legatos
1122 4130 1212 4172 sese-

182 4218 243 4279 que
261 4198 413 4280 impcrata
434 4200 571 4265 facturos
594 4200 786 4285 pollicentur.
823 4200 881 4264 hos
901 4200 1154 4266 Tarraconenses
1177 4215 1211 4266 et

182 4289 320 4353 Iacetani
333 4303 364 4355 et
376 4293 533 4358 Ausetani
546 4305 576 4359 et
588 4296 697 4378 paucis
711 4304 783 4379 post
796 4294 906 4360 diebus
919 4295 1209 4380 Illurgavonenses,

182 4384 236 4466 qui
253 4383 369 4448 flumen
386 4388 543 4452 Hiberum
561 4390 732 4474 attingunt,
751 4389 966 4472 insequuntur.
1003 4390 1080 4474 petit
1097 4389 1139 4455 ab
1158 4391 1209 4455 his

182 4476 337 4555 omnibus,
352 4489 386 4541 ut
400 4502 433 4544 se
447 4481 603 4547 frumento
617 4483 733 4547 iuvent.
757 4483 941 4567 pollicentur
954 4495 1046 4567 atque
1060 4483 1209 4550 omnibus

182 4571 319 4653 undique
338 4574 518 4655 conquisitis
541 4576 686 4642 iumentis
708 4577 741 4640 in
762 4586 866 4642 castra
886 4579 1057 4664 deportant
1095 4579 1209 4644 transit
