2738 5272
322 744 324 749 ·
388 702 451 768 340
734 712 851 767 BELLI
869 710 1052 768 AFRICANI

387 838 565 903 catervatim
586 859 650 901 non
671 835 883 899 intermittunt.
928 857 1060 918 quorum
1085 856 1127 899 ex
1148 858 1297 902 numero
1322 836 1364 901 el·

386 931 562 996 hominibus
581 929 798 994 illustrioribus
817 939 848 992 et
865 928 974 993 litteris
996 929 1036 993 ad
1054 951 1129 993 suos
1153 930 1250 995 eires
1271 930 1359 995 datis

386 1026 540 1101 hortatus,
563 1025 608 1088 uti
625 1046 719 1087 manu
736 1021 820 1086 saeta
838 1044 872 1086 se
890 1044 1025 1105 suosque
1042 1021 1275 1101 defenderent,
1301 1046 1344 1089 ne
1368 1075 1369 1079 ,

337 1140 368 1186 ss
387 1119 518 1184 inimicis
536 1115 782 1198 adversariisque
795 1116 878 1180 dicto
891 1115 1051 1179 audientes
1065 1126 1186 1194 essent,
1207 1117 1325 1181 mittit.
1359 1147 1365 1173 ι

386 1213 463 1277 haee
480 1212 520 1276 ad
538 1210 712 1296 Ruspinam
729 1209 821 1285 fiunt,
848 1208 942 1293 legati
964 1230 1002 1272 ex
1021 1208 1139 1285 Acilla‚
1169 1210 1311 1275 civitate
1329 1211 1368 1275 h·

386 1320 416 1373 et
434 1306 577 1381 immuni,
601 1303 641 1367 ad
660 1301 828 1368 Caesarem
846 1302 975 1365 veniunt
997 1324 1092 1386 seque
1110 1312 1228 1386 parato
1246 1326 1358 1389 quaec

386 1423 446 1485 que
463 1400 647 1484 imperasset
664 1406 695 1460 et
711 1394 818 1461 libenti
836 1395 939 1459 animo
957 1394 1094 1459 facturos
1117 1394 1337 1479 pollicentur:
1367 1432 1369 1452 ·

386 1508 452 1558 tum
469 1515 556 1558 orare
574 1501 605 1555 et
621 1501 725 1575 petere
743 1488 783 1553 ab
801 1511 853 1565 eo,
877 1500 910 1552 ut
929 1489 988 1553 sibi
1005 1489 1200 1574 praesidium
1225 1492 1340 1570 daret,

386 1588 481 1652 tutius
500 1587 531 1650 id
549 1596 581 1649 et
599 1584 664 1649 sine
682 1583 818 1668 periculo
836 1582 938 1646 faeere
951 1594 1093 1667 possent3
1112 1604 1146 1646 se
1165 1594 1201 1647 et
1220 1584 1369 1651 frumen

385 1693 416 1744 ct
433 1700 647 1764 quaecumque
663 1699 713 1742 res
732 1677 777 1741 eis
796 1686 972 1761 suppeteret
990 1676 1162 1739 communis
1184 1677 1308 1745 salutis
1328 1748 1340 1760 ,

386 1773 690 1838 sumministraturos.
739 1769 852 1853 quibus
875 1768 968 1832 rebus
991 1768 1081 1833 saeile
1103 1792 1123 1833 a
1145 1767 1298 1837 Caesare
1321 1774 1367 1837 im

386 1867 473 1931 tratis
498 1865 713 1951 praesidioque
739 1863 813 1927 dato
836 1862 874 1928 C.
897 1862 1066 1939 Messium,
1094 1863 1245 1929 aedilicia
1272 1865 1369 1931 fune

385 1970 546 2045 potestate,
565 1957 699 2021 Acillam
717 1956 802 2020 iubet
820 1955 983 2041 proficisci.
1027 1954 1140 2039 quibus
1157 1955 1261 2023 rebus
1282 1981 1326 2025 eo
1358 1992 1363 2017 .

386 2054 554 2119 Considius
572 2052 720 2136 Longus,
743 2051 797 2133 qui
814 2050 981 2113 Adrumeti
999 2071 1068 2113 cum
1087 2048 1214 2113 duabus
1234 2051 1364 2139 legioni

386 2160 416 2212 et
438 2146 593 2229 equitibus
615 2144 709 2209 DCC
731 2155 884 2229 praeerat,
912 2144 1050 2208 celeriter
1075 2142 1119 2208 ibi
1145 2156 1240 2228 parte
1268 2169 1364 2232 prae

384 2242 492 2306 relicta
516 2262 587 2303 curn
613 2239 697 2303 VIII
723 2238 901 2303 cohortibus
928 2239 969 2302 ad
995 2237 1131 2302 Acillam
1164 2238 1213 2303 ire
1244 2252 1368 2307 conten

384 2335 524 2399 Messius
548 2333 676 2398 celerius
698 2333 806 2397 itinere
829 2332 969 2396 conlecto
991 2332 1075 2416 prior
1095 2330 1239 2396 Aeillam
1268 2356 1349 2399 cum

384 2428 525 2492 hortibus
544 2428 691 2512 pervenit.
720 2425 887 2490 Considius
907 2426 1038 2501 interim,
1057 2425 1186 2488 eumad
1207 2427 1332 2493 urbem

385 2523 482 2606 copiis
501 2521 684 2585 accessisset
706 2530 737 2582 et
758 2520 1027 2583 animadvertisset
1049 2518 1245 2602 praesidium
1268 2520 1369 2589 Caes

385 2615 428 2679 ibi
446 2636 524 2690 esse,
544 2637 605 2677 non
619 2636 713 2677 ausus
727 2613 898 2697 periculum
912 2634 1039 2676 suorum
1053 2612 1155 2675 faeere
1168 2613 1264 2680 nulla
1278 2639 1316 2680 re
1331 2646 1369 2703 „a

384 2731 440 2793 pro
463 2708 657 2771 multitudine
679 2707 840 2770 hominum
861 2728 968 2769 rursus
988 2727 1020 2768 se
1038 2704 1256 2772 Adrumetum
1281 2732 1360 2774 rece

384 2802 495 2865 deinde
514 2801 620 2885 paucis
643 2811 714 2884 post
737 2798 846 2863 diebus
865 2799 1060 2881 equestribus
1079 2799 1177 2882 copiis
1199 2799 1247 2864 ab
1268 2802 1362 2868 Labi

384 2895 525 2958 adductis
543 2917 650 2958 rursus
669 2893 853 2956 Aeillitanos
872 2892 980 2955 castris
1000 2892 1107 2975 positis
1130 2890 1284 2959 obsidere
1304 2919 1366 2961 coe

333 3011 364 3056 ut
383 3012 438 3072 per
460 2988 492 3050 id
515 2997 636 3071 tempus
659 2987 697 3051 C.
719 2985 886 3051 Sallustius
911 2984 1056 3069 Crispus,
1085 3007 1177 3068 quem
1200 2991 1325 3070 paucis

383 3079 493 3144 (liebus
507 3081 636 3143 missum
650 3078 814 3144 aCaesare
824 3102 894 3142 curn
905 3079 1005 3142 classe
1021 3078 1328 3160 demonstravimus,

383 3175 484 3237 cinam
502 3174 650 3257 pervenit.
691 3174 778 3236 cuius
802 3174 936 3235 adventu
956 3171 993 3236 C.
1014 3172 1176 3235 Decimius
1195 3188 1342 3255 quaesto
1368 3218 1369 3229 ι

383 3267 436 3349 qui
454 3266 496 3328 ibi
515 3288 585 3329 curri
604 3266 713 3350 grandi
731 3266 848 3330 strrnilia
871 3276 1010 3350 praeerat
1028 3265 1183 3349 praesidio
1206 3288 1363 3334 commea

383 3359 545 3444 parvulum
568 3360 728 3444 navigium
749 3372 857 3422 nactus
884 3359 1063 3422 conscendit
1085 3380 1122 3421 ae
1144 3380 1178 3421 se
1201 3358 1308 3446 fugae
1333 3386 1368 3428 c·

384 3454 517 3518 mendat.
563 3452 728 3518 Sallustius
756 3454 877 3516 iuterim
900 3465 1023 3537 praetor
1046 3476 1064 3515 a
1087 3451 1303 3519 Cercinitanis
1332 3480 1368 3521 re

383 3561 454 3633 ptus
481 3571 596 3632 magno
626 3569 754 3610 numero
785 3547 930 3610 frumenti
957 3547 1083 3609 invento
1112 3568 1209 3609 naves
1238 3570 1343 3615 onera

383 3664 512 3725 quarum
531 3641 575 3705 ibi
593 3641 667 3704 satis
682 3664 796 3724 magna
810 3640 900 3724 copia
912 3639 980 3714 fuit,
1000 3639 1133 3723 complet
1147 3650 1244 3721 atque
1260 3643 1295 3705 in
1310 3665 1368 3707 cas

383 3736 423 3798 ad
442 3734 610 3798 Caesarem
628 3734 729 3797 mittit.
770 3733 902 3797 Alienus
922 3733 1042 3797 interim
1061 3732 1226 3817 proconsul
1250 3735 1369 3821 Lilyb

383 3830 414 3892 iu
440 3830 528 3892 navis
556 3829 711 3892 onerarias
743 3827 873 3912 imponit
904 3826 1042 3911 legiones
1069 3827 1158 3891 XIII
1184 3837 1215 3889 et
1242 3828 1361 3894 XIIII

383 3924 502 4006 equites
522 3919 631 3987 Gallos
644 3918 779 3996 DCCC,
798 3921 988 3983 funditorum
1008 3920 1311 4006 sagittariorumque
1330 3948 1364 3988 m

384 4039 420 4080 ae
438 4017 610 4080 secundum
627 4027 833 4079 commeatum
851 4014 883 4076 iu
897 4014 1038 4078 Africam
1056 4014 1149 4076 mittit
1166 4014 1207 4076 ad
1223 4011 1366 4081 Caesar

383 4133 463 4192 quae
481 4134 576 4174 noves
595 4121 720 4174 ventum
740 4108 910 4172 secundum
924 4121 1033 4171 nactae
1048 4119 1156 4190 quarto
1170 4108 1222 4171 die
1236 4108 1272 4173 in
1287 4124 1359 4196 port

383 4205 424 4266 ad
440 4204 623 4289 Ruspinam,
643 4204 696 4267 ubi
710 4203 828 4268 Caesar
845 4215 946 4266 castra
964 4202 1123 4277 habuerat,
1142 4203 1326 4271 incolumes
1354 4238 1361 4267 t

383 4309 540 4360 venerunt.
570 4299 611 4361 ita
625 4296 743 4362 Caesar
760 4297 876 4382 duplici
894 4297 1009 4360 laetitia
1027 4319 1063 4360 ae
1078 4297 1236 4380 voluptate
1251 4321 1323 4366 uno
1337 4313 1368 4367 te

382 4411 456 4474 poro
479 4401 602 4466 auctus,
629 4392 784 4454 frumento
803 4391 1000 4474 auxiliisque,
1028 4390 1151 4453 tandem
1176 4391 1242 4455 suis
1267 4393 1340 4461 hila
1362 4427 1366 4452 ι

383 4504 566 4565 annonaque
592 4483 694 4548 levata
720 4484 957 4548 sollicitudinem
982 4485 1121 4568 deponit,
1149 4483 1297 4569 legiones
1327 4513 1368 4576 eq
