2692 5206
483 748 601 806 COMM.
617 750 670 805 lll.
688 750 806 805 72-76.
1089 735 1152 802 269

130 875 195 940 sive
213 875 354 960 ipsorum
371 872 561 960 perturbatio
579 873 645 938 sire
662 895 747 938 error
764 872 875 958 aliquis
894 874 960 939 sive
979 873 1072 939 etiarn
1090 872 1153 939 sor-

129 982 205 1033 tuna
221 976 344 1054 partam
360 968 423 1032 iam
437 978 693 1052 praesentemque
707 967 868 1032 victoriam
883 967 1150 1052 interpellavisse,

129 1061 265 1127 dandam
283 1061 427 1127 omnibus
446 1083 586 1147 operam,
609 1070 644 1125 ut
661 1071 823 1145 acceptum
841 1060 1073 1126 incommodum
1090 1061 1153 1126 vir-

130 1167 195 1222 tute
213 1156 387 1220 sarciretur.
419 1156 503 1239 quod
521 1156 547 1220 si
565 1165 648 1221 esset
665 1155 792 1233 factum,
812 1155 1028 1220 detrimentum
1046 1156 1079 1220 in
1095 1154 1152 1221 bo·

130 1273 204 1315 num
221 1260 368 1326 verteret,
391 1250 437 1314 uti
455 1250 495 1314 ad
514 1247 706 1335 Gergoviam
723 1250 902 1327 accidisset,
924 1260 1018 1333 atque
1036 1248 1079 1327 ei,
1097 1250 1151 1333 qui

130 1356 200 1408 ante
218 1343 367 1409 dimicare
384 1343 574 1421 timuissent,
598 1344 678 1409 ultro
701 1366 735 1408 se
757 1344 876 1430 proelio
898 1343 1053 1409 offerrent.
1092 1342 1151 1409 hac
1171 1365 1202 1411 74

129 1437 237 1504 habita
254 1438 396 1503 contione
413 1437 578 1503 nonnullos
601 1437 767 1524 signiferos
786 1437 958 1524 ignominia
978 1437 1098 1503 notavit
1115 1459 1152 1503 ao

128 1532 198 1599 loco
215 1533 322 1598 movit.
357 1532 506 1598 exercitui
527 1533 654 1617 quidem
676 1533 760 1597 omni
778 1543 882 1598 tantus
904 1532 1032 1598 incessit
1048 1554 1089 1597 ex
1104 1532 1152 1597 in-

129 1627 295 1693 commodo
316 1626 404 1692 dolor
425 1637 607 1712 tantumque
629 1627 767 1692 studium
788 1626 934 1691 infamiae
962 1626 1149 1702 sarciendae,
1253 1635 1256 1641 '

129 1737 163 1787 ut
180 1745 274 1788 nemo
291 1732 345 1787 aut
362 1722 477 1788 tribuni
495 1733 548 1787 aut
565 1722 752 1788 centurionis
770 1722 934 1807 imperium
952 1721 1150 1797 desideraret,

130 1827 159 1881 et
177 1816 239 1882 sibi
257 1817 389 1901 quisque
408 1817 501 1881 etiam
519 1839 637 1902 poenae
655 1815 724 1881 loco
741 1817 901 1903 graviores
918 1817 1090 1903 imponeret
1106 1815 1151 1880 la-

130 1910 231 1988 bores,
250 1910 404 1995 simulque
421 1933 529 1976 omnes
548 1911 689 1976 arderent
707 1911 874 1997 cupiditate
891 1910 1061 1997 pugnandi,
1080 1931 1151 1975 cum

130 2005 298 2091 superioris
320 2005 413 2070 etiam
434 2005 551 2069 ordinis
573 2004 711 2071 nonnulli
732 2005 849 2071 ratione
870 2004 1003 2090 permoti
1023 2026 1151 2069 manen-

130 2099 206 2163 dum
228 2120 267 2164 oo
287 2098 356 2164 loco
378 2109 410 2163 et
430 2122 497 2164 rem
518 2098 635 2184 proelio
653 2099 905 2165 committendam
928 2099 1149 2164 existimarent.

130 2204 238 2258 contra
255 2215 292 2257 ea
310 2190 429 2261 Caesar
445 2215 546 2276 nequo
565 2192 639 2257 satis
657 2193 806 2258 militibus
827 2193 996 2280 perterritis
1015 2192 1150 2259 confide-

129 2285 183 2350 bat
200 2286 397 2371 spatiumque
414 2285 672 2371 interponendum
690 2287 730 2351 ud
751 2288 935 2354 recreandos
954 2288 1074 2353 animos
1092 2309 1150 2374 pu-

130 2378 224 2457 tabat,
244 2389 275 2444 et
291 2379 405 2444 rclictis
423 2379 646 2445 munitionibus
664 2402 854 2466 magnopere
870 2381 917 2447 rei
929 2381 1149 2448 frumentariae

131 2473 268 2538 timebat.
307 2475 411 2558 itaque
434 2473 519 2538 nulla
540 2473 721 2559 interposita
741 2497 829 2539 mora
855 2476 1030 2541 sauciorum
1057 2476 1149 2541 modo
1169 2494 1201 2540 to

132 2579 161 2632 et
187 2589 353 2654 acgmum
378 2566 486 2631 habita
507 2567 625 2632 ratione
651 2567 872 2652 impedimenta
897 2569 1002 2634 omnia
1028 2568 1150 2633 silentio

131 2661 230 2748 prima
251 2670 343 2727 nocte
364 2683 404 2725 cx
422 2660 531 2726 castris
549 2660 749 2745 Apolloniam
770 2661 938 2746 praemisit.
982 2661 1060 2727 haec
1078 2684 1151 2727 con·

131 2757 290 2840 quiescere
307 2764 379 2819 unte
396 2755 455 2818 iter
471 2754 647 2819 confectum
665 2754 772 2820 vetuit.
807 2755 857 2819 his
874 2778 938 2819 una
954 2754 1037 2842 legio
1054 2755 1152 2820 missa

131 2849 285 2936 praesidio
302 2858 359 2913 est.
389 2847 439 2913 his
457 2848 610 2934 explicitis
628 2847 720 2913 rebus
738 2850 817 2914 duas
834 2849 867 2913 in
885 2849 994 2914 castris
1012 2848 1150 2935 legiones

131 2944 265 3022 retinuit,
282 2943 417 3027 reliquas
435 2944 475 3008 de
492 2955 603 3027 quarta
620 2942 726 3030 vigilia
739 2942 950 3029 compluribus
964 2942 1063 3029 portis
1076 2943 1152 3007 edu-

132 3049 194 3106 ctas
216 3039 329 3105 eodem
351 3038 460 3103 itinere
481 3038 640 3124 praemisit
661 3061 820 3124 parvoque
843 3039 943 3124 spatio
964 3038 1150 3115 intermisso,

131 3146 163 3199 ut
179 3144 212 3200 et
224 3133 358 3198 militare
370 3132 546 3197 institutum
559 3144 743 3211 servaretur,
762 3143 793 3197 ct
806 3155 900 3217 quam
914 3133 1071 3199 serissime
1084 3132 1151 3198 eius

128 3227 281 3313 profectio
299 3238 547 3313 cognosceretur,
566 3228 751 3294 conclamari
763 3227 854 3294 iussit
868 3229 1034 3313 statimque
1047 3249 1153 3315 egres-

128 3344 185 3388 sus
206 3332 239 3387 et
264 3321 470 3387 novissimum
496 3345 610 3408 agmen
636 3332 822 3388 consecutus
849 3323 988 3389 celeriter
1013 3346 1053 3389 ex
1079 3344 1152 3388 con-

126 3425 240 3502 spectu
258 3424 430 3480 castrorum
448 3416 601 3481 discessit.
628 3439 729 3501 neque
746 3439 821 3482 vero
837 3416 1009 3503 Pompeius
1027 3417 1152 3503 cognito

126 3509 260 3576 consilio
286 3509 354 3574 eius
379 3532 498 3575 moram
520 3510 616 3574 ullam
638 3511 678 3575 ad
699 3511 926 3594 insequendum
951 3510 1069 3589 intulit,
1096 3510 1153 3576 sed

125 3600 256 3690 [eadem
274 3601 450 3690 spectans],
477 3604 505 3669 si
525 3605 634 3669 itincre
655 3605 821 3690 impeditos
843 3605 1021 3691 perterritos
1043 3603 1152 3691 depre-

124 3694 265 3762 bendere
283 3707 403 3783 posset,
431 3698 637 3763 exercitume
659 3698 769 3763 castris
792 3699 899 3763 eduxit
921 3698 1153 3782 equitatumque

122 3791 290 3879 praemisit
307 3792 348 3855 ad
363 3791 569 3857 novissimum
587 3814 702 3879 agmen
718 3792 943 3858 demorandum
960 3814 1061 3876 neque
1079 3814 1152 3856 con-

126 3885 220 3970 sequi
240 3885 356 3972 potuit,
383 3887 468 3970 quod
489 3886 621 3952 multum
644 3887 788 3971 expedito
810 3887 919 3952 itincre
944 3896 1152 3950 antecesserat

127 3976 260 4045 Caesar.
288 3978 345 4044 scd
362 4002 433 4044 cum
451 3990 579 4045 ventum
596 3990 680 4046 esset
692 3980 734 4045 ad
745 3980 862 4046 flumen
876 3977 1050 4058 Genusum,
1068 3980 1153 4063 quod

125 4073 205 4161 ripis
222 4083 290 4139 erat
305 4074 473 4161 impeditis,
492 4084 678 4141 consecutus
692 4074 847 4158 equitatus
859 4074 1046 4140 novissimos
1064 4079 1154 4159 proe-

128 4162 174 4232 lio
188 4167 357 4233 detinebat.
398 4167 470 4233 huic
488 4191 562 4234 suos
582 4167 701 4234 Caesar
722 4168 841 4252 equites
864 4167 1011 4254 opposuit
1027 4167 1154 4255 expedi·

130 4268 241 4346 toaque
258 4261 481 4348 antesignanos
499 4263 664 4332 admiscuit
683 4260 803 4328 CCCC
808 4287 817 4341 3
840 4263 894 4346 qui
911 4271 1033 4328 tantum
1050 4262 1154 4349 prosc·

133 4366 253 4434 cerunt,
287 4365 324 4421 ut
354 4356 490 4439 equestri
519 4356 636 4441 proelio
667 4355 835 4422 commisso
864 4354 1016 4441 pellerent
1045 4378 1152 4421 omnes

135 4449 368 4537 compluresque
385 4449 591 4515 interficerent
608 4450 731 4536 ipsique
748 4449 919 4515 incolumes
938 4472 972 4516 se
985 4450 1026 4516 ad
1039 4473 1153 4537 agmen

136 4543 310 4630 reciperent.
350 4543 492 4609 confecto
514 4544 596 4609 iusto
618 4544 725 4610 itinere
748 4543 815 4610 cius
833 4543 908 4623 diei,
936 4544 1020 4628 quod
1040 4565 1153 4630 propo-
1171 4562 1202 4610 26
