2692 5206
373 802 491 859 coum.
510 804 574 862 vu.
593 805 711 859 oo-sa
989 791 1049 858 141

31 927 121 993 etiam
138 949 225 992 nune
241 927 328 993 exitu
346 928 502 1005 victoriae,
521 949 592 992 cum
607 928 757 1013 septimae
771 927 902 1014 legionis
920 929 1052 995 tribunis

34 1036 112 1087 esset
127 1021 321 1099 nuntiatum,
350 1045 430 1106 quae
449 1022 481 1086 in
500 1022 625 1087 sinistro
644 1044 740 1087 cornu
761 1034 954 1108 gererentur,
981 1036 1053 1110 post

38 1125 152 1203 tagum
169 1116 308 1181 bostium
325 1116 480 1201 legionem
495 1118 695 1181 ostenderunt
710 1117 861 1202 signaque
874 1117 1052 1183 intulerunt.

42 1230 74 1273 ne
89 1232 126 1276 eo
143 1210 272 1295 quidem
290 1220 429 1295 tempore
447 1211 614 1293 quisquam
630 1210 700 1275 loco
718 1210 826 1286 cessit,
850 1212 906 1275 sed
923 1212 1054 1277 circum-

48 1305 119 1370 renti
143 1326 252 1371 omues
278 1304 495 1388 interfectique
521 1316 602 1369 sunt.
647 1306 778 1369 eandem
804 1306 962 1370 fortunam
983 1306 1053 1370 tulit

56 1395 283 1486 (lamulogenus.
328 1410 360 1463 at
376 1399 412 1476 ii,
431 1399 485 1483 qui
501 1400 657 1485 praesidio
675 1410 781 1465 contra
799 1410 901 1465 eastra
917 1400 1054 1465 Labieni

10 1502 14 1529 ¹
58 1504 124 1557 aaut
138 1493 250 1571 relicti,
274 1515 347 1558 cum
364 1493 516 1578 proelium
534 1495 736 1559 commissum
754 1494 930 1572 audissent,
953 1494 1055 1559 subsi-

61 1584 96 1650 dio
109 1587 167 1652 suis
183 1587 286 1652 ierrmt
307 1586 479 1671 collemque
498 1600 646 1672 ceperunt
662 1611 763 1671 noque
781 1598 957 1653 nostrorum
974 1587 1055 1652 mili·
1173 1641 1176 1647 .

63 1688 109 1743 tou
122 1683 270 1747 victorum
287 1681 439 1767 impetum
457 1682 609 1746 sustinere
627 1693 803 1767 potuerunt.
840 1683 885 1748 sic
903 1705 975 1747 cum
989 1682 1054 1747 suis

65 1769 226 1858 fugientibus
243 1774 398 1860 permixti,
416 1797 495 1858 quos
513 1799 577 1839 nou
591 1777 687 1841 silvae
701 1786 884 1860 montesque
902 1786 1054 1851 texerunt,

67 1862 231 1951 abequitatu
249 1878 322 1932 sunt
342 1868 505 1933 interfecti.
550 1868 609 1933 hoc
632 1870 757 1956 negotio
779 1869 922 1934 confecto
938 1867 1056 1934 Labic-

68 1978 107 2023 nus
121 1962 279 2026 revertitur
296 1961 510 2047 Agedincum,
538 1963 591 2028 ubi
614 1964 834 2048 impedimenta
856 1963 949 2029 totius
968 1985 1057 2028 exer·

68 2049 121 2118 titos
135 2055 240 2121 relicta
257 2067 358 2120 erant:
376 2054 448 2120 inde
466 2078 538 2120 cum
556 2056 700 2122 omnibus
719 2057 817 2142 copiis
831 2057 871 2122 ad
886 2055 1055 2123 Caesarem

67 2149 184 2227 pervenit.

106 2240 285 2307 Defectione
302 2241 508 2308 Haeduorum
526 2245 650 2330 cognita
668 2245 784 2310 bellum
801 2254 942 2332 augetur.
969 2244 1056 2330 lega—
1075 2263 1106 2310 6‘2

66 2329 138 2401 fimes
152 2336 183 2400 in
201 2358 312 2402 omnes
329 2347 433 2422 partes
456 2337 749 2404 circummittuntur:
772 2349 922 2422 quantum
944 2338 1055 2424 gratia,

64 2429 231 2507 amatote,
257 2430 392 2514 pecunia
412 2430 530 2509 valent,
559 2432 600 2495 ad
617 2432 826 2496 sollicitandas
849 2432 990 2496 civitates
1007 2431 1056 2495 ni-

63 2528 157 2601 lmtur3
174 2523 280 2587 nancti
298 2522 434 2600 obsides,
452 2546 531 2607 quos
551 2524 669 2589 Cacsar
686 2525 770 2610 apud
787 2547 841 2590 eos
859 2525 1055 2609 deposuerat,

62 2608 147 2681 lorum
165 2617 318 2702 supplicio
336 2616 513 2684 dubitantes
532 2620 680 2683 territant.
723 2628 833 2704 petunt
850 2643 869 2682 a
885 2617 1056 2703 Vercinge-

59 2708 136 2797 torige
146 2709 284 2786 Haedui,
303 2710 344 2774 ad
362 2733 396 2775 se
413 2712 518 2776 veniat
534 2712 731 2796 rationesque
744 2711 818 2777 belli
830 2712 960 2797 gerendi
972 2733 1056 2776 com·

57 2803 181 2870 muniret
207 2827 241 2870 re
258 2805 422 2890 impetrata
439 2806 636 2884 contendunt,
655 2817 690 2871 ut
707 2807 783 2891 ipsis
797 2830 920 2871 summa
936 2806 1056 2890 imperii

56 2896 188 2976 autur,
216 2909 248 2963 et
272 2920 306 2963 re
331 2899 365 2962 in
391 2899 633 2964 controversiam
660 2901 795 2964 deducta
815 2900 910 2964 totius
935 2896 1057 2964 Galliac

53 2992 201 3058 oncffium
219 2991 365 3057 Bibracte
383 2992 537 3058 indicitur.
581 2994 691 3059 eodem
714 2994 903 3059 conveniunt
920 2993 1057 3077 undique

51 3081 227 3170 frequentes.
278 3086 484 3151 multitudinis
516 3088 674 3173 suffragiis
704 3110 754 3152 res
784 3087 986 3174 permittitur:
1017 3086 1058 3151 ad

49 3196 133 3246 unum
149 3202 261 3246 omnes
278 3179 567 3267 Vercingetorigem
589 3182 723 3267 probant
745 3183 972 3268 imperatorem.
1017 3180 1057 3246 ab

47 3270 96 3339 boe
113 3275 246 3339 coneilio
262 3273 364 3351 Remi,
381 3275 556 3362 Lingones,
575 3276 705 3341 Treveri
723 3275 881 3341 afuerunt:
899 3276 953 3352 illi,
972 3275 1058 3358 quod

45 3367 206 3434 micitiam
214 3367 429 3433 Romanorum
442 3368 665 3452 sequebantur3
680 3370 817 3447 Treveri,
833 3370 917 3453 quod
930 3368 1058 3434 aberant

42 3459 162 3550 Ιοηςὶιιε
188 3473 221 3527 et
246 3461 285 3528 ab
309 3460 475 3529 Germanis
502 3463 735 3548 premebantur:
762 3486 843 3547 quae
865 3464 925 3528 fuit
952 3486 1056 3538 causa,

41 3576 132 3640 qnare
159 3567 227 3622 toto
252 3557 399 3622 abessent
428 3555 510 3623 bello
537 3569 568 3623 ct
599 3559 716 3623 neutris
746 3558 862 3623 auxilia
891 3558 1056 3622 mitterent.

40 3672 152 3737 mgna
169 3650 277 3716 dolore
293 3650 421 3718 llaedtd
438 3653 542 3717 fenmt
560 3675 594 3718 se
612 3653 747 3718 deiectos
770 3654 959 3738 principatu,
983 3673 1059 3735 que·

40 3756 148 3810 mntrrr
169 3744 313 3811 fortunae
335 3747 607 3812 commutationem
630 3756 661 3811 et
679 3745 825 3812 Caesaris
846 3748 878 3811 in
901 3768 936 3811 se
957 3745 1059 3810 indul-

42 3839 175 3923 gmtiam
193 3840 366 3923 requirrmt3
385 3863 486 3924 neque
503 3851 608 3906 tamen
626 3852 771 3926 suscepto
784 3840 866 3906 bello
880 3862 972 3905 suum
986 3860 1059 3902 con-

44 3928 142 3997 sdium
165 3931 205 3998 ab
226 3933 353 4018 reliquis
376 3957 520 4020 separare
541 3935 666 4000 audent.
710 3934 799 3999 inviti
826 3956 966 3998 summae
992 3931 1060 4017 spei

44 4022 255 4093 adulescentes
284 4027 480 4114 Eporedorix
510 4040 541 4093 et
566 4027 783 4093 Viridomarus
809 4025 1059 4112 Vercingetorigi

45 4130 157 4201 parent.
192 4121 262 4207 ipse
279 4122 411 4208 imperat
427 4122 554 4207 reliquis
574 4123 751 4188 civitatibus
770 4122 896 4187 obsides
914 4122 1059 4204 diemque
1078 4142 1110 4188 ot

46 4207 113 4278 buia
127 4213 173 4280 rei
190 4215 360 4281 constituit
388 4239 496 4283 omnes
515 4217 645 4300 equites,
663 4216 731 4281 XV
749 4216 835 4281 milia
851 4239 990 4293 numero,
1010 4238 1061 4281 ce-

47 4300 143 4372 leriter
158 4309 325 4375 convenire
342 4310 442 4375 iubet:
468 4310 617 4396 peditatu,
637 4333 730 4394 quem
748 4320 819 4375 ante
837 4309 1001 4387 habuerat,
1025 4332 1060 4373 se

47 4395 108 4465 fore
123 4413 304 4469 contentum
322 4403 404 4482 dicit,
424 4426 524 4488 neque
542 4404 700 4470 fortunam
717 4413 939 4489 temptatmum
956 4414 1010 4468 sut
1027 4404 1060 4467 in

48 4492 106 4559 wie
122 4494 356 4575 dimicaturum
380 4498 449 4585 sed,
468 4499 614 4581 quoniam
632 4499 769 4564 abundet
787 4500 938 4582 equitatu,
957 4496 1060 4582 perfa-

48 4584 175 4656 aleesse
183 4589 273 4657 factu
281 4590 573 4658 frumentationibus
582 4591 1059 4678 pabulationibusqueRomanos
