2692 5206
430 824 548 880 conti.
566 826 589 880 Ι.
609 825 717 879 11-1-1.
1065 814 1083 876 'l

50 951 258 1017 abdiderunt.
294 949 321 1012 is
339 972 441 1034 pagus
460 948 673 1034 appellabatur
688 949 872 1036 Tigurinus3
892 973 965 1014 nam
983 951 1083 1015 omnis

51 1046 174 1110 civitas
192 1043 340 1107 Helvetia
361 1044 392 1106 in
410 1053 557 1126 quattuor
578 1066 676 1128 pagos
695 1045 796 1109 divisa
813 1055 869 1109 est.
908 1045 960 1110 hic
981 1068 1082 1131 pagus

52 1162 160 1216 unus,
185 1160 255 1202 cum
273 1137 366 1201 domo
388 1138 505 1202 exisset
522 1148 644 1222 patrum
666 1149 843 1203 nostrorum
864 1141 1023 1217 memoria,
1041 1141 1082 1203 L.

55 1233 215 1299 Cassium
244 1232 406 1296 consulem
434 1232 632 1296 interfecerat
664 1244 695 1296 ct
726 1233 792 1297 eius
823 1234 992 1297 exercitum
1024 1234 1083 1298 sub

56 1328 176 1413 iugmn
197 1326 336 1390 miserat.
378 1326 422 1389 ita
443 1327 510 1390 sive
532 1349 608 1390 casu
632 1326 697 1389 sive
722 1326 851 1391 consilio
874 1328 1002 1392 deorum
1027 1329 1084 1392 im-

57 1420 251 1495 mortalium,
269 1442 350 1502 quae
368 1443 440 1504 pars
458 1421 591 1484 civitatis
605 1419 771 1485 Helvetiae
788 1422 943 1507 insignem
960 1423 1085 1486 calami-

59 1526 161 1579 tatem
183 1513 299 1599 populo
316 1513 461 1578 Romano
479 1514 637 1589 intulerat,
662 1537 699 1578 ea
716 1516 860 1600 princeps
882 1538 998 1601 poenas
1016 1538 1086 1600 pcr-

62 1609 168 1674 solrit.
213 1632 276 1691 qua
297 1608 330 1671 in
347 1630 381 1672 re
400 1607 519 1672 Cacsar
536 1631 599 1672 uon
617 1609 718 1672 solum
736 1608 891 1694 publicas,
916 1611 972 1673 sed
994 1611 1099 1681 etiam¹

62 1704 204 1788 privatas
231 1702 360 1767 iniurias
383 1702 467 1767 ultus
490 1714 551 1780 est,
579 1703 664 1785 quod
690 1704 757 1767 eius
780 1706 878 1769 soceri
900 1705 941 1767 L.
960 1705 1086 1769 Pisonis

62 1819 171 1873 arum,
190 1798 232 1861 L.
250 1796 401 1861 Pisonem
419 1797 570 1882 legatum,
590 1797 734 1884 Tigurini
752 1799 861 1863 eodem
879 1799 1006 1884 proelio,
1025 1820 1087 1881 quo

65 1890 226 1968 Cassium,
244 1890 472 1955 interfecerant.

128 1983 203 2048 Hoc
220 1984 337 2069 proelio
355 1983 438 2048 facto
456 1984 590 2068 reliquas
609 1985 715 2069 copias
729 1984 947 2050 Helvetiorum
964 1995 998 2048 ut
1016 2008 1089 2049 con·
1110 2004 1138 2049 ra

63 2079 156 2161 sequi
174 2087 295 2162 posset,
320 2089 447 2162 pontem
465 2079 497 2141 in
513 2078 614 2141 Arare
632 2079 813 2143 faciundum
831 2090 918 2144 curat
935 2089 1028 2163 atque
1045 2080 1089 2143 ita

64 2172 238 2238 exercitum
256 2172 399 2236 traducit.
430 2171 569 2235 Helvetii
586 2174 747 2257 repentino
765 2175 831 2238 eius
850 2175 987 2238 adventu
1004 2195 1088 2238 com-

67 2268 143 2331 moti
161 2288 234 2329 cum
251 2266 298 2341 id,
321 2266 405 2349 quod
422 2267 483 2350 ipsi
500 2265 612 2329 diebus
631 2267 740 2351 viginti
759 2268 929 2353 aegerrime
947 2267 1090 2332 confece-

66 2372 149 2436 rant,
172 2371 207 2423 ut
228 2359 346 2423 flumen
368 2360 547 2435 transirent,
569 2382 633 2422 uno
655 2360 742 2425 illum
764 2362 814 2425 dic
836 2361 949 2426 fecisse
971 2361 1089 2425 intelle-

70 2465 191 2539 gerent,
213 2453 335 2538 legatos
357 2455 399 2517 ad
420 2476 493 2517 cum
515 2454 655 2530 mittunt,
682 2456 770 2518 euius
793 2455 956 2540 legationis
974 2455 1089 2519 Divico

71 2547 212 2631 prinecps
231 2547 300 2622 fuit,
320 2547 373 2629 qui
392 2545 474 2611 bello
489 2546 643 2611 Cassiano
661 2549 726 2612 dux
743 2548 962 2613 Helvetiorum
980 2549 1089 2613 fuerat.

75 2640 101 2705 is
116 2642 159 2705 ita
175 2663 246 2705 eum
261 2639 398 2706 Caesare
416 2642 494 2726 cgit:
518 2643 545 2706 si
563 2665 673 2725 pacem
690 2644 824 2727 populus
839 2644 1000 2708 Rouranus
1019 2665 1092 2707 eum

79 2733 227 2799 Helvetiis
244 2735 374 2812 faceret,
397 2736 430 2798 in
452 2759 521 2799 eam
544 2748 663 2820 partem
682 2736 779 2801 ituros
797 2747 890 2819 atquc
907 2736 952 2800 ibi
969 2736 1090 2800 futuros

82 2826 245 2906 Helvetios,
264 2829 318 2893 ubi
336 2852 389 2894 eos
410 2829 528 2894 Caesar
546 2830 759 2894 constituisset
776 2842 870 2913 atque
887 2852 957 2894 esso
975 2829 1092 2893 voluis„

87 2932 137 2998 set3
157 2922 204 2986 sin
220 2922 303 2988 bello
320 2924 465 3008 persequi
483 2934 705 3008 perseveraret,
723 2924 974 2988 reminisceretur
991 2934 1022 2987 et
1039 2946 1091 2987 rc-

91 3014 150 3078 teris
168 3015 352 3081 incommodi
374 3018 481 3102 populi
499 3017 636 3082 Ronmni
655 3028 685 3081 et
707 3017 855 3101 pristinae
872 3018 995 3081 virtutis
1013 3016 1092 3081 lIel·

96 3107 232 3174 tetiorum.
276 3111 360 3194 quud
386 3112 555 3196 improviso
581 3134 678 3174 uuum
700 3134 817 3196 pagum
845 3111 972 3175 adortus
999 3124 1090 3183 esset,

100 3218 153 3263 cum
169 3202 201 3281 ii,
222 3204 276 3288 qui
297 3205 415 3269 flumen
436 3206 635 3281 transissent,
659 3206 724 3270 suis
747 3204 898 3270 auxilium
924 3205 1003 3269 ferre
1029 3227 1092 3268 uon

103 3309 213 3374 maest,
243 3320 283 3362 ue
313 3298 354 3364 ob
386 3322 456 3364 cam
486 3322 552 3363 rem
578 3310 632 3363 aut
662 3321 738 3363 suae
769 3321 957 3385 magnopere
987 3299 1093 3362 virtuti

61 3422 65 3429 ·
106 3382 220 3455 uibneret
240 3403 295 3456 aut
316 3393 402 3477 ipsos
425 3394 606 3478 despiceret.
652 3416 686 3457 sc
707 3393 751 3457 ita
772 3417 792 3457 a
812 3391 952 3478 patribus
969 3392 1093 3456 maiori-

107 3472 196 3562 busque
216 3486 282 3551 suis
304 3487 465 3563 didicisse,
489 3498 523 3551 ut
545 3487 645 3572 magis
664 3488 791 3563 virtute,
814 3509 908 3570 quam
930 3486 1003 3551 dolo
1021 3508 1094 3549 con-

109 3572 232 3670 ltssderent
249 3590 304 3645 aut
321 3580 443 3644 insidiis
461 3581 640 3645 niterentur.
667 3603 762 3663 quare
777 3603 816 3644 ne
830 3580 1044 3654 committeret,
1059 3590 1094 3641 ut

110 3662 215 3763 Florus,
231 3673 288 3738 ubi
306 3675 529 3749 constitissent,
545 3697 585 3737 ex
598 3674 772 3738 calamitate
790 3673 897 3758 populi
911 3673 1046 3737 Romani
1063 3683 1092 3733 et

109 3763 280 3831 mensione
303 3768 457 3832 exercitus
482 3791 594 3832 nomen
613 3779 737 3851 caperet
754 3780 807 3831 aut
825 3767 1005 3830 memoriam
1023 3787 1095 3849 pro·

109 3843 175 3920 <stret
200 3859 247 3925 his
259 3860 380 3926 Caesar
396 3862 440 3926 ita
452 3863 624 3946 respondit:
644 3885 681 3924 eo
695 3861 755 3926 sibi
772 3862 875 3924 minus
894 3859 1094 3923 dubitationis
1116 3877 1144 3920 tt

111 3936 166 4023 (Μ,
180 3956 258 4036 quod
277 3978 332 4019 cas
349 3978 409 4031 τρε,
428 3978 506 4038 quas
524 3956 619 4040 legati
632 3954 771 4018 Helvetii
789 3961 1094 4027 commemorassent,

110 4047 223 4112 memoria
240 4058 368 4127 teneret,
382 4061 476 4132 atque
490 4072 527 4113 eo
539 4049 666 4135 gravius
685 4048 774 4122 ferre,
790 4048 968 4131 quominus
987 4047 1096 4110 merito

108 4137 185 4216 anui
203 4142 340 4208 Romani
366 4144 567 4208 accidissent:
595 4143 647 4225 qui
671 4143 697 4206 si
724 4142 854 4206 alicuius
880 4141 1009 4204 iniuriae
1036 4139 1096 4205 sibi

108 4234 368 4315 concinuisset,
395 4261 459 4301 non
481 4237 580 4301 fuisse
603 4236 730 4299 difficile
753 4258 877 4312 cavere;
905 4235 961 4299 sed
983 4258 1020 4299 eo
1043 4236 1097 4298 de-

107 4334 213 4407 ceptam,
235 4331 322 4418 quod
343 4353 444 4414 neque
463 4331 665 4395 commissum
684 4354 703 4393 a
720 4352 754 4392 sc
773 4330 977 4415 intellegeret,
1001 4352 1096 4412 quare

106 4412 210 4503 lueret,
236 4448 341 4509 neque
368 4425 435 4489 siue
463 4449 559 4490 eausa
586 4425 757 4488 timendum
783 4435 915 4508 putaret.
960 4425 1045 4506 quod
1071 4424 1098 4486 si

103 4517 191 4583 veteris
208 4520 414 4585 contumeliae
433 4519 575 4584 oblivisci
595 4518 700 4593 vellet,
723 4542 798 4581 num
816 4519 909 4582 etiam
927 4517 1096 4581 recentium

99 4602 271 4691 initantum,
294 4614 379 4699 quod
401 4636 439 4679 eo
461 4614 557 4678 invito
579 4614 638 4677 iter
663 4635 719 4697 per
744 4612 935 4697 provinciam
957 4634 1013 4696 per
1035 4610 1097 4673 rim
