2692 5206
474 824 590 883 COMM.
608 826 657 883 v1.
674 826 795 883 39-44.
1081 815 1143 880 113

116 948 296 1017 Caesarem
313 949 460 1015 exercitu
505 950 551 1015 sie
573 950 699 1016 omnino
721 951 842 1016 animos
864 951 957 1015 timor
976 972 1143 1037 praeoccu-

117 1054 265 1131 paverat,
294 1054 331 1110 ut
350 1066 450 1130 paene
468 1043 601 1109 alienata
623 1054 726 1109 mente
750 1045 860 1110 deletis
882 1045 1026 1111 omnibus
1044 1046 1142 1132 copiis

122 1140 298 1225 equitatum
324 1148 445 1204 tantum
472 1162 505 1204 se
532 1162 571 1204 ex
596 1139 674 1226 suga
698 1140 853 1226 recepisse
879 1140 1016 1204 dicerent
1040 1163 1143 1225 neque

122 1232 272 1299 ineolumi
294 1234 433 1298 exercitu
455 1230 630 1299 Germanos
657 1244 759 1299 castra
785 1245 1018 1320 oppugnaturos
1043 1234 1143 1300 fuisso

128 1327 356 1393 contenderent
401 1348 493 1410 quem
512 1328 654 1393 timorem
673 1326 818 1393 Caesaris
837 1329 989 1392 adventus
1008 1328 1141 1393 sustulit.

129 1441 268 1485 tenemus
281 1420 335 1485 ille
351 1430 480 1485 eventus
494 1420 568 1485 belli
580 1444 642 1485 non
655 1421 802 1507 ignorans
817 1444 923 1499 unum,
937 1421 1022 1504 quod
1035 1421 1143 1486 cobor—
1160 1439 1192 1486 aa

132 1524 172 1578 tes
189 1536 229 1578 ex
246 1514 381 1578 statione
398 1523 429 1578 ct
446 1514 600 1599 praesidio
618 1525 722 1579 essent
740 1516 882 1591 emissae,
900 1524 1030 1598 questus
1045 1553 1085 1563 —
1103 1536 1143 1579 ne

135 1608 253 1673 minimo
272 1608 399 1692 quidem
417 1629 492 1672 casu
509 1608 614 1673 locum
635 1608 766 1692 relinqui
788 1608 934 1673 debuisse
952 1647 993 1656 —
1011 1607 1144 1672 multum
1255 1642 1257 1647 .

138 1700 281 1767 fortunam
298 1703 331 1766 in
348 1703 509 1787 repentino
523 1703 659 1767 hostium
676 1704 813 1767 adventu
829 1703 968 1788 potuisse
985 1701 1142 1778 iudicavit,

140 1795 222 1860 multo
238 1795 335 1861 etiam
352 1796 499 1882 amplius,
522 1797 606 1881 quod
623 1818 721 1881 paene
740 1795 779 1860 ab
797 1796 867 1881 ipso
884 1795 966 1860 vallo
983 1795 1143 1881 portisque

145 1900 295 1954 mnonnn
321 1889 468 1954 barbaros
495 1890 667 1955 avertisset.
715 1912 846 1974 quarum
872 1889 1011 1954 omnium
1040 1911 1143 1953 rerum

147 1984 259 2049 mxime
285 1983 499 2048 admirandum
525 1984 702 2062 videbatur,
730 1985 813 2068 quod
836 1981 998 2061 Germani,
1026 1984 1080 2069 qui
1105 2005 1143 2047 eo

150 2077 255 2143 oonsilio
276 2078 423 2143 Rhenum
445 2080 643 2155 transierant,
671 2088 706 2143 ut
726 2078 921 2165 Ambiorigis
947 2077 1025 2144 lines
1048 2078 1144 2165 depo-

152 2168 316 2251 pularentur,
348 2172 389 2236 ad
419 2182 520 2237 castra
546 2173 759 2238 Romanorum
790 2172 884 2238 delati
914 2172 1143 2259 optatissimum

154 2258 302 2352 Ambiorigi
319 2265 505 2331 beneficium
523 2266 709 2331 obtulerunt.

200 2354 307 2425 Caesar
328 2383 436 2425 rursus
462 2360 683 2425 adseruandos
709 2361 815 2427 hostes
841 2359 1000 2447 profectus
1025 2379 1192 2447 magneta

157 2462 235 2519 wado
257 2477 386 2519 numero
412 2477 452 2519 ex
477 2454 614 2520 finitimis
641 2455 817 2521 civitatibus
843 2457 876 2521 in
901 2479 1011 2522 omnes
1037 2466 1141 2542 partes

158 2539 260 2612 dimittit.
302 2570 411 2612 omnes
429 2548 489 2612 vici
507 2558 600 2633 atque
619 2550 722 2613 omnia
740 2550 893 2626 aedificia,
912 2571 992 2633 quae
1010 2550 1142 2633 quisque

158 2653 336 2725 oapexerat,
354 2642 610 2720 incendebantur3
628 2644 745 2729 praeda
762 2667 801 2707 ex
819 2643 963 2708 omnibus
977 2643 1054 2707 loeis
1069 2664 1144 2729 age-

157 2723 231 2812 batur3
251 2736 406 2801 frumenta
426 2759 489 2801 non
511 2738 611 2802 solum
629 2761 649 2801 a
666 2747 752 2801 tanta
773 2737 967 2801 multitudine
990 2736 1143 2800 iumento·

156 2841 205 2889 rum
217 2838 301 2913 atque
319 2830 480 2895 bominum
498 2830 769 2908 consumebantur,
789 2830 844 2895 sed
863 2830 956 2894 etiam
974 2829 1047 2894 anni
1065 2839 1143 2892 tem·

156 2934 312 3008 meatque
337 2924 490 2990 imbribus
516 2925 759 3010 procubuerant,
786 2934 834 3002 ut,
862 2924 890 2988 si
916 2923 970 3008 qui
996 2923 1089 2987 etiam
1110 2922 1144 2986 in

155 3019 297 3093 praesentia
323 3040 358 3084 se
385 3019 607 3096 occultassent,
639 3030 744 3083 tamen
769 3019 819 3083 his
846 3017 979 3083 deducto
1006 3015 1144 3081 exercitu

153 3124 229 3175 teram
244 3111 382 3177 omnium
400 3112 504 3200 inopia
520 3115 713 3199 pereundum
735 3113 900 3177 videretur.
944 3134 982 3177 ae
1000 3133 1093 3196 saepe
1110 3110 1142 3173 in

153 3218 203 3268 tum
216 3204 316 3272 locum
333 3218 461 3273 ventum
478 3218 527 3273 est
543 3218 628 3273 tanto
646 3209 679 3272 in
696 3209 797 3273 omnis
819 3207 915 3293 partis
939 3206 1039 3272 diviso
1057 3204 1143 3290 equi-

152 3302 209 3376 utu,
232 3312 266 3365 ut
282 3302 375 3367 modo
394 3302 496 3367 visum
519 3301 558 3367 ab
577 3324 611 3368 se
628 3301 847 3389 Ambiorigem
868 3303 901 3366 in
918 3301 996 3388 fuga
1012 3301 1143 3365 circum·

148 3390 278 3475 ulcerent
303 3396 418 3482 captivi
443 3417 502 3461 nec
531 3396 623 3482 plane
654 3397 747 3461 etiam
773 3396 877 3461 abisse
904 3418 943 3460 ex
974 3404 1144 3479 conspectu

145 3490 357 3567 contenderent,
384 3500 419 3554 ut
437 3513 492 3576 spe
510 3491 722 3574 consequendi
743 3490 830 3555 illata
851 3500 944 3573 atque
962 3489 1082 3553 infinito
1099 3488 1144 3552 la-

143 3574 201 3647 bore
212 3593 367 3670 suscepto,
386 3585 440 3667 qui
454 3606 487 3648 se
502 3607 656 3648 summam
669 3584 709 3649 ab
721 3583 856 3649 Caesare
869 3584 1001 3669 gratiam
1014 3582 1143 3647 inituros

141 3686 276 3757 putarem,
293 3700 393 3764 paene
407 3688 549 3742 naturam
564 3679 667 3744 studio
680 3679 848 3755 vincerent,
868 3698 1052 3762 semperque
1065 3697 1144 3760 pau·

139 3764 190 3833 lum
206 3770 246 3835 ad
263 3793 418 3835 summam
437 3771 615 3837 felicitatem
633 3773 771 3837 defuisse
789 3772 959 3848 videretur,
983 3779 1075 3853 atque
1092 3767 1145 3832 ille

138 3858 248 3930 latebris
271 3875 326 3930 aut
347 3864 478 3930 saltibus
501 3888 535 3930 se
554 3867 685 3952 eriperet
702 3876 733 3930 et
755 3876 850 3930 noctu
872 3865 1044 3930 occultatus
1067 3861 1144 3926 alias

136 3958 265 4043 regiones
282 3970 449 4045 partesque
471 3970 589 4045 peteret
610 3983 674 4025 non
690 3961 805 4025 maiore
828 3959 967 4044 equitum
989 3955 1144 4042 praesidio

136 4068 218 4131 quarn
234 4063 393 4138 quattuor,
417 4053 530 4138 quibus
553 4054 628 4119 solis
650 4055 746 4119 vitam
765 4076 854 4119 suam
877 4052 1068 4117 committere
1090 4071 1145 4113 au-

136 4142 226 4211 debat.
273 4146 329 4211 tali
351 4147 445 4211 modo
471 4148 600 4213 vastatis
626 4147 806 4234 regionibus
833 4147 1003 4211 exercitum
1026 4143 1145 4208 Cacsar
1163 4163 1196 4209 tt

134 4234 254 4305 duarum
268 4239 442 4306 cohortium
456 4242 569 4306 damno
582 4241 829 4307 Durocortorum
842 4241 1013 4305 Remorum
1026 4238 1145 4302 reducit

136 4333 315 4418 concilioque
333 4334 366 4399 in
384 4356 456 4400 eum
472 4336 576 4401 locum
594 4333 717 4401 Galliae
739 4336 855 4399 indicto
875 4335 914 4398 de
932 4332 1144 4397 coniuratione

135 4421 284 4492 &nonum
303 4440 335 4492 ct
349 4427 523 4493 Camutum
540 4430 753 4513 quaestionem
772 4429 887 4493 habere
908 4427 1040 4491 instituit
1057 4435 1087 4490 et
1106 4426 1145 4489 do

133 4518 260 4599 Accone,
275 4521 330 4605 qui
342 4523 488 4609 princeps
502 4523 568 4587 eius
579 4524 699 4589 consilii
712 4524 822 4599 suerat,
837 4521 979 4607 graviore
993 4519 1146 4584 sententia

132 4616 324 4698 pronuntiata
339 4639 427 4683 more
444 4617 597 4684 maiorum
614 4618 802 4705 supplicium
820 4615 965 4701 sumpsit.
1004 4612 1144 4679 nonnulli

176 4714 240 4762 lulius
250 4718 343 4762 (Jecur.
958 4715 977 4768 g
