2692 5206
481 799 598 856 GOMM.
616 800 666 855 vl.
685 800 798 856 14-19.
1088 791 1151 857 103

120 926 338 1015 periculisque
355 931 527 1000 versantur,
546 934 600 987 aut
616 946 674 1009 pro
687 924 821 988 victimis
834 923 975 991 homines
988 926 1150 992 immolant

124 1032 183 1087 aut
201 1043 237 1085 se
255 1019 468 1084 immolaturos
485 1028 600 1083 vovent
617 1018 869 1102 administrisque
887 1019 927 1083 ad
944 1041 983 1085 ea
1000 1021 1150 1087 sacrificia

123 1113 294 1181 druidibus
316 1121 459 1190 utuntur,
485 1112 583 1195 quod,
610 1135 666 1197 pro
688 1113 753 1177 vita
773 1112 907 1177 hominis
933 1114 994 1179 uisi
1015 1115 1149 1180 hominis

125 1210 194 1274 sita
202 1207 359 1281 reddatur,
377 1229 440 1272 non
452 1228 545 1292 posse
559 1206 648 1271 aliter
661 1207 789 1272 deorum
801 1207 1021 1273 immortalium
1033 1232 1149 1274 numen

124 1302 246 1390 placari
264 1301 459 1377 arbitrantur,
477 1301 664 1385 publiceque
681 1302 822 1367 eiusdem
838 1302 962 1387 generis
975 1302 1091 1368 habent
1102 1305 1149 1368 in-

126 1397 239 1463 stituta
257 1395 416 1461 sacrificia
461 1395 513 1459 olii
530 1396 659 1461 immani
676 1396 889 1483 magnitudine
912 1397 1078 1463 simulacra
1093 1399 1149 1464 ha-

126 1491 213 1567 bent,
230 1512 363 1573 quorum
381 1500 527 1555 contexta
540 1489 709 1555 viminibus
722 1489 863 1556 membra
875 1491 955 1556 vivis
968 1491 1147 1559 hominibus

125 1583 298 1669 complent:
329 1582 444 1666 quibus
470 1584 629 1649 succensis
660 1584 862 1650 circumventi
892 1584 1018 1650 flamma
1043 1587 1148 1651 exani-
1221 1650 1224 1656 .

124 1690 252 1743 mantur
277 1678 428 1743 homines.
473 1678 627 1763 supplicia
649 1701 770 1756 eorum,
796 1679 906 1763 quiin
930 1678 1015 1744 furto
1040 1682 1148 1745 autin

125 1772 287 1838 latrocinio
304 1785 359 1836 aut
375 1771 480 1856 aliqua
496 1773 591 1836 noxia
609 1773 671 1838 siut
688 1773 917 1859 comprehensi,
944 1775 1081 1860 gratiora
1097 1774 1146 1839 dis

124 1866 353 1933 immortalibus
368 1889 437 1932 esse
451 1867 652 1945 arbitrantur3
671 1868 737 1946 sed,
756 1890 828 1933 cum
840 1868 908 1933 eius
920 1869 1044 1954 generis
1058 1868 1148 1954 copis

125 1961 239 2038 delicit,
259 1960 353 2025 etiam
371 1961 411 2024 ad
427 1961 640 2025 innocentium
659 1961 811 2048 supplicia
824 1961 1026 2026 descendunt
1053 1963 1147 2028 deum
1167 1983 1197 2028 17

124 2056 262 2120 maxime
279 2054 472 2120 Mercurium
489 2055 608 2120 colunt:
626 2055 719 2120 huius
738 2066 809 2120 sunt
826 2056 959 2140 plurima
973 2056 1146 2134 simulacra,

124 2148 208 2214 hunc
224 2149 366 2215 omnium
383 2149 574 2214 inventorem
591 2150 703 2214 artium
721 2148 838 2227 ferunt,
861 2150 945 2214 hunc
961 2149 1083 2215 viarum
1100 2161 1146 2216 at·

125 2264 185 2326 que
202 2243 350 2309 itinerum
368 2243 493 2321 ducem,
520 2243 604 2308 huno
625 2245 666 2308 ad
688 2254 836 2328 quaestus
857 2246 1007 2331 pecuniae
1028 2267 1146 2310 morea-

125 2348 274 2420 turasque
300 2336 415 2402 habere
439 2338 502 2402 vim
528 2338 697 2402 maximam
722 2337 917 2403 arbitrantur.
965 2339 1147 2423 posthunc

126 2429 307 2516 Apollinem
324 2442 355 2494 et
368 2430 504 2496 Martem
523 2441 553 2496 et
569 2431 679 2497 Iovem
696 2443 727 2495 et
744 2431 935 2510 Minervam3
954 2432 993 2497 de
1006 2433 1055 2498 his
1074 2455 1146 2498 ean-

127 2523 197 2589 dem
213 2524 290 2602 sere,
309 2546 405 2609 quam
421 2525 558 2609 reliquae
571 2537 690 2612 gentes,
709 2526 825 2591 habent
838 2527 1028 2610 opinionem:
1046 2526 1146 2612 Apol-

128 2615 218 2682 linem
240 2618 370 2684 morbos
391 2619 559 2704 depellere,
586 2619 764 2684 Minervam
785 2642 913 2705 operum
936 2630 1029 2703 atque
1051 2622 1146 2685 artifi-

130 2709 243 2775 ciorum
260 2712 350 2777 initia
369 2713 504 2791 tradere,
522 2713 632 2779 Iovem
649 2714 814 2799 imperium
833 2713 1012 2778 caelestium
1029 2725 1144 2791 tenere,

131 2801 262 2869 Martem
278 2805 363 2871 bella
378 2829 496 2894 regere.
540 2808 623 2885 huie,
642 2831 714 2873 eum
731 2807 848 2893 proelio
867 2807 1013 2871 dimicare
1031 2809 1146 2872 consti-

137 2906 259 2978 tucruut,
278 2923 326 2978 ca,
344 2924 425 2985 quae
433 2900 517 2966 bello
526 2902 672 2986 ceperint,
691 2901 873 2986 plerumque
882 2901 1045 2965 devorent.
1073 2924 1145 2965 cum

141 3005 364 3076 superavenmt,
382 2995 528 3059 animalia
545 3006 636 3081 capta
653 2995 814 3060 immolant
830 2994 1028 3078 reliquasque
1044 3016 1095 3058 res
1113 2995 1146 3058 in

143 3104 222 3151 unum
242 3087 349 3153 locum
370 3088 543 3154 conferunt.
587 3090 693 3154 multis
715 3090 748 3153 in
770 3087 947 3153 civitatibus
969 3087 1080 3153 harum
1096 3111 1145 3153 re-

144 3198 197 3243 rum
213 3192 385 3248 exstructos
404 3183 540 3249 tumulos
562 3184 639 3248 locis
658 3184 845 3248 consecratis
868 3183 1041 3268 conspicari
1057 3183 1143 3261 licet;

146 3292 227 3356 neque
243 3298 338 3362 saepe
355 3278 481 3354 accidit,
508 3288 556 3355 ut,
583 3277 725 3364 neglecta
747 3277 903 3362 quispiam
923 3277 1073 3363 religione
1090 3287 1145 3341 aut

148 3378 218 3451 &pta
233 3371 317 3456 apud
334 3393 369 3435 se
387 3372 542 3436 occultare
559 3381 613 3436 aut
629 3373 732 3456 posita
749 3371 855 3437 tollere
869 3372 1006 3449 auderet,
1024 3372 1144 3458 gravis·

149 3456 300 3548 sinumque
318 3464 347 3528 ei
363 3465 409 3530 rei
426 3465 614 3550 supplicium
632 3488 703 3530 cum
717 3466 856 3530 cruciatu
868 3465 1072 3530 coustitutum
1085 3475 1141 3529 est

149 3545 213 3619 (luti
229 3579 262 3622 se
279 3580 388 3624 omnes
406 3557 446 3624 ab
464 3559 540 3624 Dite
557 3572 644 3644 patre
662 3570 831 3645 prognatos
853 3560 1033 3644 praedicant
1049 3559 1143 3642 idque
1164 3575 1194 3622 18

148 3642 177 3708 th
194 3649 352 3717 druidibus
377 3652 534 3737 proditum
560 3654 676 3718 dicunt.
725 3653 766 3717 ob
792 3676 862 3718 eam
888 3675 1016 3718 causam
1042 3651 1144 3736 spatia

147 3742 225 3809 ⁰muis
242 3745 390 3831 temporis
408 3768 471 3811 uon
488 3770 617 3812 numero
635 3747 770 3825 dierum,
789 3747 846 3811 scd
863 3748 1000 3812 noctium
1017 3745 1142 3821 finiunt3

148 3828 196 3900 liet
210 3839 327 3904 natales
345 3849 376 3904 et
393 3841 548 3906 mensium
570 3851 602 3904 et
623 3862 775 3905 annorum
792 3841 880 3905 initia
898 3841 944 3905 sie
965 3838 1141 3916 observant,

148 3934 300 3998 unoeum
326 3933 393 3999 dies
419 3935 637 4018 subsequatur.
681 3936 714 3999 in
738 3934 864 4018 reliquis
891 3935 973 3998 vitoe
994 3933 1142 3998 institutis

146 4014 190 4086 lot
202 4024 263 4092 lere
281 4026 321 4092 ab
338 4028 465 4113 reliquis
483 4029 640 4107 differunt,
659 4029 743 4113 quod
761 4051 835 4094 suos
853 4029 977 4105 liberos,
996 4027 1057 4092 nisi
1071 4049 1143 4092 cum

145 4112 332 4200 uraverunt,
351 4133 386 4186 ut
400 4145 514 4188 munus
527 4123 654 4188 militiae
669 4125 822 4188 sustinere
834 4123 965 4208 possint,
984 4121 1087 4207 palam
1101 4122 1142 4186 ad

144 4214 259 4312 fttdlre
275 4238 340 4281 nou
356 4217 516 4302 patiuntur
532 4217 693 4301 filiumque
714 4217 825 4302 puerili
847 4226 947 4281 aetate
965 4216 999 4280 in
1015 4215 1141 4301 publico

143 4320 168 4365 ¹1¹
179 4320 340 4395 conspectu
355 4311 453 4396 patris
471 4311 622 4376 adsistere
639 4323 729 4397 turpe
746 4312 873 4376 ducunt.
917 4311 990 4387 viri,
1009 4319 1141 4393 quantas
1163 4332 1187 4378 to

142 4403 267 4479 numa
285 4403 326 4469 ab
343 4403 492 4469 uxoribus
510 4405 592 4470 dotis
610 4405 735 4470 nomine
752 4413 952 4488 acceperunt,
980 4414 1083 4469 tantas
1100 4426 1141 4468 ex

141 4492 192 4559 tuis
210 4496 298 4563 bonis
320 4498 534 4564 aestimatione
556 4498 640 4563 facta
662 4521 734 4563 cum
751 4498 876 4564 dotibus
899 4497 1138 4563 communicant.

139 4579 215 4657 huius
229 4593 331 4659 omnis
348 4593 498 4677 pecuniae
516 4592 704 4658 coniunctim
721 4592 799 4658 ratio
811 4591 1139 4675 habeturfructusquo
