2738 5272
282 726 345 793 238
628 737 680 792 DE
699 734 825 792 BELLO
844 733 964 795 ClVlLI

279 862 374 928 venit.
418 883 456 926 eo
483 860 622 947 legiones
645 860 732 937 ΧΠ,
760 860 931 944 equitatum
957 879 1082 924 omnem
1107 859 1222 925 venire
1249 860 1316 927 ius·

280 966 371 1023 serat.
399 956 456 1020 sed
473 967 593 1020 tanturn
610 954 738 1020 navium
754 953 878 1040 reperit,
897 965 931 1018 ut
940 962 1072 1040 anguste
1091 951 1188 1020 'XV
1200 954 1313 1020 milia'

279 1050 520 1137 legionariorum
539 1049 686 1126 rnilitum,
713 1047 778 1113 DC
797 1047 918 1132 equites
936 1056 1147 1132 transportare
1164 1063 1311 1132 possent.

279 1145 340 1209 hoe
357 1167 453 1209 unum
477 1142 597 1230 [inopia
617 1140 760 1228 navium]
782 1141 911 1207 Caesari
933 1142 975 1206 ad
996 1141 1189 1207 celeritatem
1213 1143 1310 1209 confi-

279 1240 381 1304 ciendi
399 1239 472 1304 belli
490 1238 597 1303 defuit.
629 1248 723 1320 atque
740 1237 799 1302 hae
817 1237 904 1321 ipsae
923 1236 1030 1320 copiae
1047 1236 1108 1300 hoc
1125 1234 1311 1321 infrequen-

280 1334 374 1399 tiores
396 1334 611 1418 imponuntur‚
638 1332 723 1416 quod
744 1330 833 1395 multi
852 1328 982 1396 Gallicis
1005 1339 1050 1394 tot
1071 1328 1163 1394 bellis
1183 1330 1309 1396 defece-

279 1440 363 1505 rant,
399 1429 591 1514 longumque
620 1426 679 1491 iter
708 1448 748 1490 ex
774 1424 931 1511 Hispania
960 1447 1110 1511 magnum
1140 1447 1310 1490 numerum

280 1522 487 1599 deminuam,
519 1532 550 1586 et
580 1520 684 1606 gravis
717 1530 885 1584 autumnus
915 1519 949 1583 in
975 1518 1094 1603 Apulia
1127 1519 1310 1603 circumque

280 1617 483 1681 Brundisium
502 1639 541 1680 ex
559 1614 770 1680 saluberrimis
791 1612 913 1680 Galliae
931 1623 962 1678 et
979 1612 1154 1698 Hispaniae
1172 1614 1310 1700 regioni·

280 1710 341 1776 bus
359 1724 485 1776 omnem
502 1710 672 1781 exercitum
689 1708 866 1773 valetudine
884 1716 1098 1792 temptaverat.

249 1825 264 1871 3
345 1803 516 1889 Pompeius
531 1826 669 1868 annuum
684 1794 821 1888 spatium
833 1803 873 1866 ad
887 1801 1112 1887 comparandas
1127 1801 1240 1886 copias
1255 1825 1309 1867 na·

282 1909 361 1976 ctus,
381 1899 464 1981 quod
482 1920 616 1963 vacuum
634 1921 653 1962 a
670 1897 752 1962 bello
770 1908 863 1981 atquc
881 1897 921 1962 ab
938 1896 1028 1961 hoste
1042 1895 1180 1960 otiosum
1195 1895 1308 1971 fuerat,

282 2015 432 2077 uragnum
447 2014 486 2055 ex
495 1990 576 2056 Asia
585 1990 839 2076 Cycladibusque
852 1991 972 2067 insulis,
992 1988 1141 2074 Corcyra,
1160 1987 1309 2067 Athenis,

282 2085 399 2162 Pont0‚
417 2085 581 2169 Bithynia,
602 2083 708 2168 Syria,
729 2084 854 2163 Cilicia,
872 2084 1040 2160 Phoenice,
1058 2083 1213 2169 Aegypto
1232 2083 1312 2149 clas·

284 2201 351 2242 sem
369 2183 528 2264 caigerat,
551 2201 699 2263 magnam
717 2179 861 2244 omnibus
880 2179 956 2245 locis
975 2177 1203 2243 aedificandam
1222 2199 1312 2242 cura·

282 2283 369 2336 verat
374 2297 384 2349 3
402 2295 549 2357 magnam
567 2273 750 2357 imperatam
768 2273 881 2351 Asiae,
902 2272 1013 2358 Syriae
1030 2271 1225 2358 regibusque
1245 2295 1312 2338 om·

282 2364 375 2429 nibus
398 2377 429 2429 et
446 2367 587 2450 dynastis
611 2377 642 2430 et
660 2367 820 2432 tetrarchis
844 2379 875 2432 et
896 2367 1002 2432 liberis
1020 2366 1162 2430 Achaiae
1183 2366 1311 2452 populis

283 2461 447 2546 pecuniam
466 2475 625 2548 exegerat,
653 2486 800 2548 magnam
820 2463 983 2526 societates
1008 2484 1114 2526 earum
1131 2461 1311 2544 provincia-

250 2577 366 2632 lrum,
385 2579 463 2640 quus
482 2556 549 2641 ipse
568 2555 740 2633 obtinebat,
761 2556 819 2621 sibi
838 2578 1000 2620 numerare
1018 2560 1174 2641 coegerat.
1210 2555 1312 2641 legio-

283 2672 339 2714 nes
358 2651 503 2715 effecerat
521 2651 636 2714 civium
649 2651 863 2716 Romanorum
876 2649 991 2714 VIIII:
1009 2648 1041 2713 V
1055 2671 1094 2713 ex
1108 2648 1210 2726 Italia,
1231 2671 1311 2733 quas

284 2746 474 2824 traduxerat3
502 2769 596 2810 unam
615 2769 654 2809 ex
673 2746 785 2811 Cilicia
806 2757 999 2822 veteranam,
1022 2766 1116 2827 quam
1133 2743 1255 2809 factam
1273 2764 1312 2808 ex

284 2840 405 2905 duabus
429 2840 595 2925 gemellam
617 2840 809 2925 appellabat;
836 2862 930 2903 unam
961 2861 1000 2903 ex
1024 2837 1120 2903 Creta
1145 2847 1178 2901 et
1200 2836 1312 2902 Maee-

284 2935 378 2999 ‹lonia
399 2957 439 2998 ex
461 2934 615 2997 veteranis
638 2934 801 3009 militibus,
828 2935 882 3017 qui
907 2933 1028 2997 dimissi
1050 2956 1069 2996 a
1095 2930 1311 3016 superioribus

283 3027 520 3113 imperatoribus
538 3028 571 3090 in
588 3027 637 3091 his
655 3029 821 3112 provinciis
836 3029 1052 3104 consederant3
1072 3026 1149 3090 duas
1164 3049 1207 3090 ex
1219 3024 1311 3101 Asia,

284 3144 362 3204 quas
380 3121 535 3184 Lentulus
555 3121 664 3184 consul
683 3120 921 3185 conscribendas
941 3129 1111 3186 curaverat.
1148 3130 1313 3203 praeterea

284 3237 434 3300 magnum
451 3238 615 3278 numerum
633 3237 673 3278 cx
691 3215 870 3292 Thessalia,
889 3217 1037 3293 Boeotia,
1056 3214 1180 3279 Achaia
1197 3214 1313 3301 Epiro·

284 3329 345 3391 que
364 3307 571 3392 supplementi
588 3309 713 3372 nomine
730 3309 763 3372 in
780 3309 920 3395 legiones
939 3309 1152 3375 distribuerat:
1171 3309 1223 3375 his
1242 3309 1313 3375 An-

284 3401 426 3465 tonianos
444 3401 557 3465 milites
572 3402 787 3469 admiscuerat.
815 3415 937 3489 praeter
950 3405 1006 3469 has
1021 3403 1227 3489 exspectabat
1238 3426 1312 3469 cum

286 3493 433 3580 Scipione
455 3517 495 3559 ex
514 3494 607 3579 Syria
627 3496 767 3582 legiones
787 3498 830 3561 ΙΙ.
868 3496 1054 3583 Sagittarios
1074 3496 1185 3572 Creta,
1208 3498 1314 3561 Lace-

284 3591 445 3665 daemone,
465 3611 504 3653 ex
517 3589 620 3654 Ponto
638 3603 731 3673 atque
747 3590 841 3676 Syria
858 3593 1048 3675 reliquisque
1062 3590 1243 3656 civitatibus
1257 3590 1312 3655 ΠΙ

284 3684 370 3749 milia
382 3707 511 3748 numero
525 3684 669 3762 habebat,
688 3686 880 3751 funditorum
895 3687 1036 3750 cohortes
1051 3687 1250 3750 sexcenarias
1263 3685 1311 3761 H,

285 3779 424 3861 equitum
442 3776 508 3840 Vll
526 3777 620 3842 milia.
662 3801 701 3842 ex
719 3779 833 3862 quibus
850 3779 914 3843 DC
935 3777 1044 3844 Gallos
1062 3777 1235 3843 Deiotarus
1254 3778 1312 3843 ad·

286 3873 427 3948 duxerat,
445 3870 477 3935 D
497 3871 728 3937 Ariobarzanes
748 3895 787 3936 ex
806 3872 1022 3957 Cappadocia3
1040 3873 1080 3937 ad
1099 3872 1236 3936 eundem
1252 3895 1313 3937 nu-

285 3989 403 4030 merum
415 3964 513 4050 Cotys
525 3988 564 4029 ex
573 3965 708 4030 Thracia
716 3967 843 4030 dederat
856 3978 885 4028 ct
897 3964 1045 4030 Sadalam
1058 3966 1156 4029 filium
1166 3964 1312 4042 miserat3

285 4083 325 4122 ex
339 4060 526 4124 Macedonia
541 4059 599 4124 CC
614 4071 709 4135 erant,
728 4059 842 4143 quibus
857 4060 1066 4144 Rhascypolis
1083 4069 1238 4144 praeerat,
1258 4082 1313 4124 ex·

286 4152 407 4216 cellenti
424 4154 552 4232 virtute3
570 4153 603 4217 D
623 4176 662 4216 ex
681 4151 866 4218 Gabinianis
880 4153 1082 4230 Alexandria,
1103 4150 1215 4217 Gallos
1231 4151 1313 4219 Ger·

286 4269 467 4329 manesque,
487 4247 627 4332 quesibi
646 4247 687 4311 A.
708 4244 862 4312 Gabinius
880 4248 1026 4332 praesidii
1046 4271 1141 4314 causa
1159 4249 1246 4333 apud
1262 4270 1313 4314 re-

286 4360 358 4422 gem
376 4339 591 4405 Ptolemaeum
609 4341 789 4424 reliquerat,
817 4342 988 4425 Pompeius
1011 4342 1093 4406 filius
1117 4363 1189 4405 eum
1207 4342 1311 4407 classe

286 4432 471 4510 adduxerat3
489 4434 614 4499 DCCC
624 4458 663 4499 ex
676 4437 775 4500 servis
788 4435 1027 4520 pastoribusque
1042 4437 1107 4500 suis
1117 4458 1311 4521 suorumque

287 4530 445 4612 co'egerat3
464 4526 553 4591 CCC
567 4528 796 4593 Tarcondarius
812 4528 925 4594 Castor
942 4538 973 4594 et
985 4529 1163 4597 Donnilaus
1177 4552 1217 4594 ex
1232 4528 1312 4596 Gal-
