2692 5206
476 774 595 833 COIIM.
613 776 693 832 VIII.
710 776 831 831 27-31.
1097 764 1158 831 167

122 904 165 969 fit
186 902 347 990 proelium
373 900 437 966 acri
464 899 641 964 certamine.
689 920 824 983 namque
850 900 949 966 nostri
974 901 1159 987 contemptis

125 997 236 1085 pridie
258 995 413 1082 superatis
434 991 594 1070 hostibus,
622 1014 694 1057 eum
716 993 865 1077 subsequi
890 994 1029 1080 legiones
1051 997 1160 1060 memi-

129 1091 266 1169 nissent,
284 1101 317 1155 et
333 1089 452 1176 pudore
471 1087 601 1153 cedendi
620 1099 651 1152 et
669 1088 838 1173 cupiditate
855 1109 911 1172 per
925 1110 958 1153 se
976 1089 1160 1155 conficiendi

130 1185 247 1270 proelii
272 1183 443 1248 fortissime
474 1192 583 1247 contra
607 1181 727 1266 pedites
757 1181 960 1267 proeliantur,
990 1183 1159 1268 hostesque

135 1277 217 1343 nihil
235 1277 370 1363 amplius
392 1276 551 1361 copiarum
573 1296 773 1340 accessurum
799 1276 974 1354 credentes,
1000 1286 1036 1342 ut
1060 1279 1160 1364 pridie

136 1378 363 1458 cognoverant,
391 1370 515 1434 delendi
537 1369 692 1452 equitatus
715 1369 815 1437 nostri
834 1370 940 1434 nancti
965 1371 1160 1437 occasionem

138 1463 332 1530 ridebantur.
377 1485 450 1528 curn
467 1462 658 1546 aliquamdiu
677 1486 799 1527 summa
816 1463 1012 1529 contentione
1033 1464 1161 1530 dimica·
1178 1486 1210 1534 us

137 1569 231 1635 retur,
249 1557 435 1622 Dumnacus
453 1557 577 1622 instruit
594 1556 702 1632 aciem,
721 1578 802 1640 quae
820 1557 885 1622 suis
903 1566 987 1623 esset
1003 1556 1160 1641 equitibus

139 1652 171 1715 in
196 1652 300 1716 ricem
324 1650 493 1736 praesidio:
525 1673 598 1715 curn
621 1661 749 1736 repente
776 1650 933 1715 confertae
963 1651 1102 1737 legiones
1127 1653 1161 1716 in
1275 1646 1278 1652 ’

141 1755 342 1830 conspectum
359 1744 497 1809 hostium
514 1744 652 1808 veniunt.
688 1744 803 1828 quibus
821 1744 897 1809 visis
915 1745 1077 1829 perculsae
1090 1745 1163 1811 bar-

142 1837 286 1904 barorum
306 1848 425 1903 turmae
447 1859 486 1903 ac
506 1838 685 1924 perterritae
708 1839 792 1903 acies
818 1838 954 1904 hostium
981 1839 1160 1926 perturbato

142 1931 431 2018 impedimentorum
448 1933 573 2018 agmine
590 1954 706 2017 magno
719 1932 853 1998 clamore
866 1933 1071 2018 discursuque
1087 1957 1161 2020 pas·

143 2025 200 2091 sim
215 2025 313 2112 fugae
331 2049 366 2091 se
383 2027 540 2090 mandant
585 2035 617 2090 at
633 2027 730 2091 nostri
748 2026 882 2109 equites,
905 2027 960 2111 qui
977 2027 1071 2112 paulo
1088 2039 1160 2093 ante

143 2140 211 2185 eram
227 2121 446 2187 resistentibus
463 2121 632 2186 fortissime
651 2121 861 2200 conflixerant,
879 2121 996 2187 laetitia
1012 2122 1159 2188 victoriae

145 2214 212 2279 clati
229 2238 346 2301 magno
364 2216 500 2299 undiquc
522 2215 657 2280 clamore
680 2215 803 2280 sublato
824 2217 1006 2282 cedentibus
1029 2217 1160 2282 cucum-

145 2306 215 2387 tusi,
238 2320 392 2392 quantum
409 2331 559 2392 equorum
580 2309 663 2373 vires
686 2309 726 2373 ad
748 2310 998 2394 persequendum
1019 2310 1161 2376 dextrae-

146 2422 200 2484 que
216 2404 259 2467 ad
275 2402 469 2467 caedendum
486 2403 604 2480 valent,
632 2412 752 2467 tantum
770 2425 807 2469 eo
825 2405 942 2488 proelio
963 2403 1159 2470 interficiunt.

147 2494 244 2579 ltaque
270 2496 404 2582 amplius
430 2496 556 2561 milibus
582 2496 656 2561 ΧΠ
678 2507 731 2561 aut
753 2507 942 2562 armatorum
964 2509 1018 2562 aut
1041 2519 1158 2575 corum,

147 2589 194 2672 qui
207 2612 245 2654 eo
258 2590 369 2654 timore
383 2613 469 2654 arma
481 2591 682 2675 proiecerant,
695 2591 865 2656 interfectis
880 2591 981 2656 omnis
995 2590 1160 2656 multitudo

146 2682 260 2767 capitur
288 2684 589 2768 impedimentorum.
634 2706 697 2767 qua
727 2706 767 2748 ex
796 2683 874 2769 fuga
904 2705 975 2748 cum
1006 2694 1161 2749 constaret
1179 2706 1211 2753 30

146 2774 334 2863 Drappetem
345 2775 512 2854 Senonem,
526 2778 589 2861 qui,
603 2788 638 2841 ut
650 2778 787 2862 primum
799 2777 956 2841 defecerat
970 2774 1082 2853 Gallia,
1098 2777 1161 2842 col-

146 2867 226 2935 lectis
243 2870 383 2954 undique
400 2871 528 2957 perditis
546 2871 735 2949 hominibus,
754 2871 852 2936 servis
867 2871 907 2935 sd
919 2870 1092 2935 libertatem
1106 2893 1162 2935 vo·

146 2963 230 3041 aeds,
249 2964 394 3029 exulibus
412 2965 550 3029 omnium
569 2965 728 3029 civitatum
747 2965 868 3043 ascitis,
886 2964 1018 3049 receptis
1036 2964 1162 3029 latroni·

148 3054 199 3122 bus
215 3057 440 3143 impedimenta
457 3068 488 3123 et
506 3070 698 3123 commeatus
715 3059 928 3124 Romanorum
946 3059 1159 3143 interceperat,

144 3172 202 3215 non
218 3151 353 3238 amplius
376 3151 539 3217 hominum
560 3152 685 3218 milibus
708 3176 747 3218 cx
769 3154 848 3240 suga
868 3153 1005 3236 quinque
1023 3151 1160 3217 collectis

144 3245 331 3329 provinciam
353 3256 459 3331 potere
484 3268 608 3329 unaque
634 3247 797 3311 consilium
823 3269 895 3312 cum
917 3268 954 3311 eo
976 3246 1159 3311 Lucterium

146 3334 321 3404 Cadurcum
347 3340 483 3425 cepisse,
509 3361 603 3423 quem
630 3341 787 3425 superiore
813 3339 1034 3405 commentario
1060 3341 1161 3426 prima

144 3429 314 3497 defectione
331 3430 455 3498 Galliae
472 3433 577 3497 facere
593 3434 627 3497 in
642 3435 834 3520 provinciam
856 3434 993 3499 voluisse
1010 3434 1160 3519 impetum

144 3527 299 3612 cognitum
318 3539 375 3605 est,
395 3526 547 3592 Caninius
565 3527 687 3614 legatus
706 3550 777 3593 cum
794 3528 970 3614 legionibus
984 3527 1106 3592 duabus
1120 3529 1161 3592 ad

144 3640 192 3686 cos
207 3623 444 3707 persequendos
462 3623 629 3700 contendit,
648 3645 687 3688 ne
704 3623 888 3688 detrimento
901 3635 955 3688 aut
968 3624 1077 3688 timore
1090 3645 1161 3707 pro-

144 3714 259 3783 vinciae
275 3741 393 3805 magna
408 3718 538 3783 infamia
550 3719 740 3804 perditorum
755 3719 915 3782 hominum
928 3718 1096 3783 latrociniis
1110 3739 1161 3781 ca-

144 3822 271 3894 peretm.
317 3810 419 3878 Gaius
437 3812 555 3877 Fabius
574 3835 646 3876 cum
663 3812 782 3896 reliquo
799 3813 937 3877 exercitu
954 3811 987 3875 in
1005 3809 1160 3876 Carnutes
1179 3833 1208 3878 31

145 3914 320 3989 ceterasque
337 3906 544 3991 proficiscitur
562 3907 712 3984 civitates,
730 3928 863 3991 quarum
875 3927 913 3970 eo
930 3905 1058 3990 proelio,
1076 3905 1162 3989 quod

146 4017 211 4064 cum
227 3998 399 4065 Dumnaco
415 3999 546 4078 fecerat,
570 4000 675 4085 copias
698 4022 768 4066 esse
790 4000 909 4065 accisas
928 3999 1055 4064 sciebat.
1099 4021 1162 4064 non

144 4091 221 4156 enim
238 4090 418 4171 dubitabat,
441 4094 517 4178 quin
534 4094 649 4159 recenti
672 4093 847 4158 calamitate
865 4093 1094 4158 summissiores
1112 4115 1161 4159 es-

145 4195 209 4250 sent
224 4186 360 4265 futurae,
378 4187 451 4253 dato
469 4210 543 4254 vcro
556 4188 656 4272 spatio
670 4211 707 4253 ao
720 4199 859 4274 tempore
871 4187 981 4253 eodem
994 4188 1160 4275 instigante

144 4274 308 4347 Dumnaco
329 4294 460 4366 possent
482 4282 639 4347 concitari.
687 4304 749 4367 qus
770 4282 858 4347 inre
885 4304 1008 4346 summa
1028 4282 1160 4347 felicitas

144 4372 343 4458 celeritasque
360 4375 394 4439 in
409 4376 596 4462 recipiendis
609 4376 786 4441 civitatibus
801 4375 935 4440 Fabium
952 4377 1159 4461 consequitur.

143 4486 213 4531 nam
230 4465 401 4547 Carnutes,
423 4471 478 4554 qui
496 4493 589 4556 saepe
607 4471 711 4535 vexati
728 4492 898 4553 numquam
920 4473 1006 4556 pacis
1023 4471 1160 4535 fecerant
1191 4465 1194 4475 ’

143 4562 342 4642 mentionem,
369 4563 450 4629 datis
472 4564 634 4630 obsidibus
652 4565 781 4629 veniunt
798 4565 832 4629 in
848 4564 1051 4642 deditionem,
1079 4574 1160 4630 cete-
