2692 5206
422 189 537 239 eruut.
558 190 592 240 u.
614 192 726 240 ist-uz.
1017 177 1073 237 2³21

61 311 211 397 terrrporis
238 311 361 374 interiit.
412 319 637 394 temptaverunt
667 311 726 375 boo
757 312 838 375 idem
865 312 1078 376 Massilienses

60 417 186 486 postero
201 405 260 468 dic.
288 404 417 467 eandem
430 403 513 467 nacti
526 415 741 489 tempestatem
754 406 870 469 maiore
883 427 954 470 eum
966 405 1080 469 fiducia

62 499 99 563 ad
112 499 245 563 alteram
259 497 367 561 turrim
380 518 589 582 aggeremque
603 498 762 583 eruptione
775 509 992 584 pugnaverunt
1001 498 1080 562 mul-

62 599 190 676 tumque
207 591 313 678 ignem
330 591 508 655 intulerunt.
535 592 591 656 sed
608 601 643 656 ut
660 592 827 677 superioris
844 592 990 677 temporis
1007 613 1080 658 con·

64 687 232 751 tentionem
249 685 347 750 nostri
364 706 488 749 omnem
505 686 697 764 remiserant,
716 687 759 751 ita
776 686 909 772 proximi
926 686 988 750 diei
1004 708 1080 751 essu

63 779 213 845 admoniti
229 779 334 843 omnia
350 778 390 842 ad
408 778 619 844 defensionem
633 791 825 865 paraverant.
852 781 958 864 itaque
974 779 1079 844 multis

62 872 232 938 interfectis
249 872 384 956 reliquos
401 871 517 937 infecta
533 895 566 937 re
580 874 613 937 in
625 875 775 959 oppidum
787 873 975 959 repulerunt.
1002 872 1080 937 Tre-
1100 894 1130 939 15

62 967 173 1033 bonius
193 989 240 1044 ca,
258 988 339 1050 quae
356 978 428 1032 sunt
445 967 569 1043 amissa,
589 968 685 1032 multo
703 969 818 1033 maiore
831 969 963 1032 militum
977 968 1080 1033 studio

60 1061 277 1126 administrare
295 1071 326 1124 et
342 1060 467 1124 reficere
484 1061 626 1125 instituit.
661 1085 734 1125 uam
751 1061 805 1126 ubi
823 1072 925 1126 tantos
944 1083 1018 1126 suos
1034 1059 1080 1124 la-

59 1153 153 1220 bores
171 1163 204 1218 et
221 1164 387 1239 apparatus
406 1152 486 1217 male
503 1154 652 1218 cecidisse
665 1155 808 1219 viderunt
820 1155 1008 1239 indutiisque
1024 1176 1081 1239 per

60 1248 165 1314 scelus
192 1247 314 1312 violatis
341 1270 430 1311 suam
456 1247 601 1311 virtutem
625 1248 728 1313 irrisui
754 1248 820 1314 fore
850 1249 1079 1334 perdoluerunt,

60 1342 162 1427 quod,
187 1340 272 1405 unde
293 1363 392 1427 agger
416 1341 541 1406 omnino
563 1343 747 1426 comportari
769 1353 891 1428 posset,
916 1343 992 1407 nihil
1015 1351 1080 1407 erat

58 1435 226 1519 reliquum,
244 1432 388 1499 omnibus
406 1433 567 1500 arboribus
580 1435 672 1521 longe
685 1436 806 1520 lateque
819 1435 978 1500 infinibus
991 1434 1080 1500 Mas·

60 1528 237 1593 siliensium
254 1527 365 1592 excisis
384 1537 415 1591 et
432 1529 589 1593 convectis
603 1551 750 1615 aggerem
762 1530 836 1595 novi
849 1530 973 1616 generis
986 1540 1078 1612 atquo

58 1620 236 1687 inauditum
253 1642 293 1685 ex
310 1620 454 1686 latericiis
477 1622 599 1687 duobus
617 1624 713 1688 muris
731 1647 841 1688 senum
863 1624 978 1709 pedum
996 1645 1080 1688 eras-

60 1714 200 1781 situdine
216 1724 309 1798 atque
327 1736 434 1779 eorum
452 1738 609 1781 murorum
627 1718 855 1804 contignatione
872 1717 975 1782 faeere
992 1716 1080 1782 insti-

59 1817 189 1874 tuerunt
209 1829 310 1892 αεᾳιια
331 1808 396 1873 sere
418 1808 591 1887 altitudine,
619 1821 711 1895 atque
732 1811 784 1875 ille
810 1811 1017 1897 congesticius
1040 1832 1080 1874 ex

59 1901 194 1967 maaria
213 1900 315 1966 fuerat
336 1924 442 1989 agger.
486 1903 541 1967 ubi
562 1915 615 1968 aut
637 1905 772 1989 spatium
793 1904 873 1968 inter
894 1925 999 1969 muros
1026 1915 1080 1968 aut

60 1993 259 2060 imbecillitas
285 1997 431 2061 materiae
457 1997 614 2081 postulare
639 1998 806 2074 videretur,
837 1997 919 2081 pilae
944 1997 1080 2081 interpo-

59 2098 188 2166 nuntur,
206 2090 391 2154 traversaria
407 2090 494 2176 tigna
510 2091 685 2168 iniciuntur,
703 2112 783 2175 quae
800 2091 993 2155 firmamento
1010 2111 1079 2154 esse

59 2181 195 2268 possint,
212 2191 245 2247 et
261 2183 411 2267 quidquid
429 2194 477 2248 est
490 2185 701 2269 contignatum
715 2183 851 2248 cratibus
865 2183 1079 2260 consternitur,

62 2285 165 2341 crates
181 2274 248 2340 luto
265 2276 453 2362 integrmtur.
497 2277 556 2343 sub
575 2289 656 2342 tecto
673 2277 762 2343 miles
780 2278 890 2343 dextra
905 2297 943 2341 ao
957 2277 1081 2341 sinistra
1144 2324 1153 2345 .

63 2390 154 2435 muro
179 2377 294 2447 maus,
320 2371 470 2436 adversus
492 2372 589 2457 plutei
611 2371 734 2436 obiectu
755 2371 841 2457 operi
867 2391 1080 2454 quaecumque

64 2472 138 2527 sunt
153 2462 226 2527 usui
243 2462 311 2528 sine
322 2464 460 2549 periculo
474 2475 643 2550 supportat.
671 2465 810 2529 celeriter
822 2486 873 2530 res
886 2463 1082 2529 administra·

65 2566 128 2621 tur:
148 2555 288 2621 diuturni
303 2556 417 2623 laboris
440 2558 657 2623 detrimentum
679 2558 805 2624 solertia
821 2568 853 2622 et
870 2558 983 2623 virtute
999 2556 1080 2622 mili-

66 2660 134 2713 tum
148 2646 236 2715 brevi
251 2651 476 2716 reconciliatur.
518 2664 625 2737 portae
644 2652 758 2736 quibus
776 2651 853 2717 locis
872 2652 994 2716 videtur
1011 2673 1081 2715 eru·

69 2742 180 2826 ptiouis
205 2764 302 2809 causa
327 2744 360 2808 in
390 2768 479 2810 muro
504 2747 728 2829 relinquuntur.
777 2745 861 2828 quod
890 2744 945 2809 ubi
974 2744 1081 2809 hostes
1101 2763 1131 2812 16

73 2835 222 2914 viderunt,
248 2859 300 2916 ea,
326 2860 407 2923 quae
428 2840 484 2904 diu
503 2840 659 2927 longoque
681 2839 781 2924 spatio
803 2838 888 2904 refici
908 2860 972 2903 non
988 2860 1082 2923 posse

10 2932 12 2939 '
77 2941 257 3012 sperassent,
283 2954 454 3018 paucorum
476 2934 596 2999 dierum
613 2956 709 3019 opera
725 2942 758 2998 et
773 2931 879 2998 labore
896 2932 940 2996 ita
955 2930 1082 3007 refecta,

80 3023 222 3089 ataullus
242 3026 390 3111 perfidiae
411 3050 511 3111 aeque
533 3028 686 3112 eruptioni
707 3027 794 3092 locus
817 3037 901 3090 esset
921 3046 980 3089 nec
996 3025 1083 3106 quic-

85 3132 164 3195 quam
174 3120 299 3185 omnino
310 3120 542 3204 relinqueretur,
561 3145 623 3205 qua
636 3132 689 3186 aut
702 3120 770 3185 telis
784 3119 934 3184 militibus
951 3127 1005 3182 aut
1016 3118 1083 3202 igni

89 3210 213 3291 omnbus
229 3215 335 3279 noceri
351 3225 465 3300 posset,
483 3217 654 3301 eodemque
672 3214 814 3300 exemplo
833 3214 969 3279 sentiunt
986 3223 1082 3276 totam

91 3299 186 3383 wbem,
202 3328 265 3390 qua
282 3309 323 3372 sit
339 3309 442 3373 aditus
455 3310 494 3375 ab
508 3320 598 3387 terra,
618 3332 706 3374 muro
720 3308 916 3391 turribusque
930 3305 1083 3371 circumiri

94 3408 176 3475 pose,
197 3401 242 3466 sie
259 3413 295 3466 ut
311 3402 390 3486 ipsis
407 3403 595 3467 consistendi
612 3404 645 3467 in
667 3403 733 3468 suis
755 3400 977 3467 munitionibus
995 3399 1082 3464 locus

96 3502 230 3570 tuear,
244 3516 317 3559 eum
325 3518 424 3580 paene
432 3497 626 3562 inaedificata
634 3497 667 3560 in
676 3496 772 3561 muris
782 3495 821 3560 ab
832 3495 968 3559 exercitu
977 3504 1083 3559 nostro

97 3585 192 3652 neema
202 3588 380 3654 viderentur
395 3612 433 3655 ac
450 3591 546 3656 telum
562 3613 657 3656 manu
674 3591 877 3666 coniceretur,
896 3609 1083 3672 suorumque

98 3676 290 3747 maenarum
302 3706 405 3760 usum,
423 3683 536 3767 quibus
546 3685 606 3770 ipsi
616 3707 731 3770 magna
744 3683 964 3769 speravissent,
982 3683 1082 3768 spatio

98 3769 304 3857 ununquiaris
317 3776 441 3842 interire
454 3778 582 3862 parique
595 3778 774 3842 condicione
787 3799 827 3842 ex
840 3798 929 3841 muro
942 3797 979 3840 ac
992 3775 1084 3840 turri-

99 3847 142 3923 ¹³⁰⁸
151 3860 276 3935 Mllandi
288 3870 364 3935 data
376 3894 411 3936 se
424 3871 536 3937 virtrae
549 3871 663 3937 nostris
677 3872 851 3954 adaequare
863 3894 926 3936 non
934 3891 1028 3956 posse
1036 3868 1084 3932 in·

30 3996 33 4001 ·
99 3946 227 4041 lelegunt,
245 3962 286 4029 ad
302 3963 429 4029 easdem
446 3964 610 4031 deditionis
628 3964 824 4031 condiciones
841 3972 1011 4030 recurrunt.
