2692 5206
463 820 582 877 COMII.
600 823 679 879 VIII.
698 824 799 877 8-11.
1080 810 1141 875 159

155 946 268 1011 accedere
286 944 373 1013 Galli
389 945 540 1023 riderent,
559 967 691 1029 quorum
709 956 797 1010 erant
813 946 854 1010 ad
868 944 1037 1011 Caesarem
1049 945 1142 1031 plena

155 1035 253 1104 fiduciae
277 1040 409 1106 consilia
437 1039 570 1124 perlata,
603 1040 669 1104 sive
700 1040 876 1104 certaminis
906 1041 1044 1125 periculo
1075 1040 1141 1106 sive

156 1131 229 1199 cubito
252 1134 388 1199 adventu
415 1134 481 1198 sive
509 1134 739 1218 exspectatione
766 1133 864 1198 nostri
890 1133 1010 1199 consilii
1035 1134 1141 1220 copias

154 1225 276 1292 bsuuunt
293 1250 350 1313 pro
368 1227 479 1292 castris
495 1249 554 1291 nec
567 1228 635 1291 loco
649 1228 807 1311 superiore
820 1227 984 1291 decedunt.
1012 1226 1140 1304 Caesar,

155 1321 195 1384 etsi
206 1322 344 1386 dimicare
363 1331 537 1405 optaverat,
558 1331 662 1385 tamen
679 1321 849 1385 admiratus
869 1332 985 1385 tantam
1004 1321 1142 1385 multitu-

155 1412 229 1478 dinem
244 1415 381 1478 hostium
398 1414 480 1478 valle
502 1415 679 1479 intermissa
700 1415 802 1500 magis
820 1415 854 1478 in
876 1415 1070 1479 altitudinem
1087 1415 1142 1479 dc-

154 1526 233 1590 prcssa
252 1531 346 1592 quarn
368 1509 429 1572 late
450 1519 576 1594 patente
599 1518 703 1573 castra
724 1509 834 1573 castris
856 1508 993 1573 hostium
1012 1508 1140 1573 confert.

153 1599 207 1666 haec
220 1603 347 1688 imperat
364 1602 446 1667 vallo
462 1603 578 1688 pedum
596 1602 668 1666 XII
685 1603 812 1679 muniri,
836 1601 997 1667 loriculam
1013 1624 1070 1687 per
1086 1624 1143 1688 ag·
1244 1627 1247 1632 ·

152 1697 313 1780 gentionem
335 1698 403 1761 eius
430 1697 584 1762 altitudini
611 1697 814 1774 inaedificari3
840 1698 959 1762 fossam
985 1696 1141 1782 duplicem

152 1790 239 1872 pedum
262 1791 377 1856 denum
399 1791 528 1874 quinum
550 1790 699 1855 lateribus
726 1792 857 1877 deprimi
883 1792 1006 1856 directis
1013 1816 1022 1869 ;
1049 1792 1141 1855 turris

151 1885 250 1949 excitari
261 1885 386 1951 crebras
398 1886 431 1949 in
444 1886 639 1950 altitudinem
652 1886 744 1950 trium
758 1884 976 1963 tabulatorum,
993 1884 1141 1970 pontibus

150 1978 256 2043 traiectis
278 1979 505 2063 constratisque
527 1980 688 2065 coniungi,
715 2003 847 2064 quorum
869 1980 986 2045 frontes
1007 1979 1143 2044 viminea

148 2067 250 2138 loricula
265 2074 472 2138 munirentur:
495 2086 530 2138 ut
547 2073 587 2139 ab
605 2073 747 2139 hostibus
766 2075 882 2159 duplici
901 2074 1001 2150 fossa,
1025 2073 1142 2159 duplici

147 2178 387 2253 propugnatorum
415 2168 522 2232 ordine
549 2167 803 2247 defenderentur,
834 2191 965 2252 quorum
999 2168 1076 2234 alter
1101 2189 1141 2232 ex

147 2260 283 2343 pontibus,
311 2283 374 2345 quo
396 2262 491 2326 tutior
514 2261 675 2327 altitudine
698 2274 794 2339 esset,
821 2263 881 2327 hoc
903 2262 1052 2327 audacius
1074 2261 1142 2326 lon-

145 2351 255 2437 giusque
271 2354 462 2438 permitteret
479 2354 549 2432 tela,
568 2355 655 2431 alter,
673 2356 726 2439 qui
744 2357 870 2442 propior
886 2356 1009 2421 hostem
1021 2356 1055 2419 in
1071 2355 1141 2440 ipso

144 2445 210 2511 sallo
220 2448 385 2513 collocatus
400 2459 493 2526 esset,
511 2459 606 2534 ponte
620 2449 660 2514 ab
674 2450 881 2515 incidentibus
892 2451 961 2516 telis
975 2459 1139 2536 tegeretur.

141 2540 221 2624 portis
236 2541 319 2607 sores
337 2541 523 2626 altioresque
541 2554 641 2608 turres
659 2543 817 2627 imposuit.
848 2544 940 2609 huius
958 2542 1138 2608 munitionis
1160 2563 1190 2608 10

141 2632 239 2719 duplex
255 2647 321 2701 erat
338 2637 512 2701 consilium.
547 2659 681 2720 namque
700 2648 730 2701 et
748 2660 877 2722 operum
894 2638 1140 2724 magnitudinem

139 2737 165 2791 et
185 2729 320 2795 timorem
343 2753 435 2794 suum
458 2730 603 2816 sperabat
624 2731 772 2794 fiduciam
799 2730 938 2796 barbaris
964 2731 1139 2807 allaturum,

137 2830 164 2884 et
184 2844 250 2887 enm
274 2823 458 2909 pabulatum
483 2824 778 2908 frumentatumque,
794 2825 917 2909 longius
940 2834 1024 2888 esset
1048 2823 1142 2908 profi-

136 2913 316 2993 ciscendum,
344 2918 447 3002 parvis
475 2918 571 3002 copiis
595 2928 697 2982 eastra
723 2917 893 2981 munitione
920 2917 989 3001 ipsa
1015 2915 1143 2981 videbat

133 3029 216 3095 posse
232 3011 368 3077 defendi.
396 3011 518 3077 interim
537 3011 645 3076 crebro
662 3012 771 3096 paucis
789 3011 943 3094 utrimque
960 3031 1142 3095 procurren-

132 3101 206 3170 tibus
231 3105 312 3170 inter
336 3104 411 3170 bina
436 3116 539 3170 eastra
559 3105 673 3191 palude
700 3105 860 3169 interiecta
885 3103 1141 3182 contendebatur3

129 3218 217 3282 quam
242 3212 348 3264 tamen
372 3200 520 3285 paludem
549 3222 782 3282 nonnumquam
812 3208 867 3263 aut
891 3209 998 3263 nostra
1027 3196 1143 3262 auxilia

129 3290 287 3358 Gallorum
318 3291 608 3376 Germanorumque
640 3292 812 3357 transibant
842 3293 1006 3377 aeriusque
1035 3291 1142 3357 hostes

126 3384 378 3471 insequebantur,
401 3397 455 3452 aut
473 3387 610 3451 vicissim
628 3387 732 3452 hostes
752 3387 861 3450 eadem
883 3386 1070 3472 transgressi
1087 3408 1143 3449 no-

127 3488 202 3546 stros
228 3479 355 3565 longius
377 3479 624 3545 summovebant.
672 3479 833 3545 accidebat
854 3491 959 3544 autem
981 3479 1143 3544 cotidianis

124 3573 376 3659 pabulationibus
394 3575 441 3656 (id
459 3575 543 3657 quod
561 3574 701 3639 accidere
719 3583 785 3638 erat
805 3596 948 3651 necesse,
976 3596 1048 3638 eum
1066 3574 1143 3638 raris

124 3666 324 3752 disiectisque
341 3691 382 3732 ex
402 3668 551 3733 aedificiis
573 3667 723 3752 pabulum
745 3666 1003 3750 conquireretur),
1031 3676 1066 3730 ut
1086 3667 1144 3729 im-

124 3761 235 3847 peditis
251 3761 331 3826 locis
353 3762 486 3846 dispersi
508 3760 706 3846 pabulatores
729 3760 1037 3836 circumvenirentur3
1063 3780 1144 3842 quae

124 3876 184 3935 res,
206 3855 270 3922 etsi
286 3855 442 3920 mediocre
460 3856 678 3919 detrimentum
699 3855 907 3919 iumentorum
925 3876 962 3918 ae
984 3875 1144 3918 servorum

125 3948 237 4017 mestis
253 3948 415 4027 afferebat,
434 3960 539 4014 tamen
558 3950 668 4014 stultas
687 3949 890 4035 cogitationes
908 3947 1056 4013 incitabat
1073 3946 1145 4011 bar-

125 4038 283 4121 barorum,
307 4052 402 4126 atquc
420 4067 457 4109 eo
479 4044 596 4129 magis,
620 4044 705 4127 quod
724 4043 902 4119 Commius,
926 4065 1019 4126 quem
1040 4041 1145 4127 profc-

126 4148 206 4203 etam
217 4137 262 4202 ad
274 4137 392 4202 auxilia
400 4134 633 4210 Germanorum
647 4138 833 4202 arcessenda
850 4137 950 4213 docui,
969 4159 1041 4201 cum
1059 4135 1146 4218 equi-

125 4228 204 4297 tibur
233 4240 376 4309 venerat3
411 4231 465 4316 qui
496 4231 619 4296 tametsi
649 4254 778 4296 numero
808 4255 872 4295 non
898 4230 1031 4316 amplius
1059 4240 1146 4295 erant

124 4324 296 4413 quingenti,
310 4334 416 4389 tamen
431 4322 659 4390 Germanorum
673 4326 809 4389 adventu
822 4322 947 4388 barbari
958 4322 1144 4388 nitebantur.

126 4416 252 4497 Cossu,
270 4441 344 4484 eum
356 4420 615 4484 animadverteret
629 4420 750 4484 hostem
765 4420 940 4504 complures
954 4419 1021 4483 dies
1036 4418 1145 4483 eastris
1166 4437 1194 4482 rt

124 4512 236 4599 prlude
257 4524 291 4578 et
307 4513 368 4578 loci
390 4524 500 4578 natura
520 4513 647 4577 munitis
671 4537 704 4578 se
727 4526 831 4578 tencre
849 4536 950 4596 neque
972 4511 1145 4597 oppugnari

124 4618 225 4673 nsua
240 4629 351 4674 eorum
369 4606 436 4674 sine
453 4607 650 4673 dimicatione
667 4608 842 4693 perniciosa
858 4628 916 4673 nec
928 4606 1032 4673 locum
1044 4604 1145 4669 muni-
