2738 5272
187 693 252 758 360
534 704 650 759 BELLI
667 703 850 769 armentu

187 827 376 904 morabatur,
404 837 435 892 et
453 838 575 912 tempus
593 827 654 892 diei
671 829 704 892 in
721 828 784 893 otio
806 825 1064 906 consumebatur,
1096 827 1223 894 Caesar

186 922 325 1005 equitum
343 933 460 985 turmas
479 943 606 985 suorum
623 919 709 985 iubet
726 921 759 985 in
780 920 918 985 hostium
939 922 1138 1005 equitatum,
1166 923 1221 1006 qui

186 1017 226 1080 ad
243 1015 393 1100 oppidum
409 1015 443 1078 in
461 1014 592 1079 statione
610 1025 706 1091 erant,
725 1015 828 1079 facere
840 1014 1083 1100 impressionem
1099 1016 1222 1081 levem-

185 1133 246 1195 que
260 1121 456 1185 armaturam,
471 1109 648 1194 sagittarios
662 1109 896 1193 funditoresque
906 1110 1017 1173 eodem
1031 1111 1218 1176 summittit

185 1205 269 1288 quod
286 1203 341 1268 ubi
359 1213 503 1287 coeptum
521 1213 569 1267 cst
586 1203 662 1280 fieri,
680 1215 711 1268 et
729 1204 817 1287 equis
837 1203 997 1267 concitatis
1016 1203 1143 1269 Iuliani
1160 1205 1220 1269 im·

186 1309 292 1384 petum
309 1296 470 1374 fecissent,
494 1295 641 1361 Pacidius
659 1320 733 1362 suos
752 1297 871 1380 equites
890 1298 1093 1383 exporrigere
1113 1299 1220 1384 eoepit

186 1397 218 1458 in
230 1394 465 1480 longitudinem,
480 1404 514 1457 ut
527 1393 676 1458 haberent
685 1392 863 1457 facultatem
874 1404 990 1456 turmas
1000 1391 1150 1458 Iulianas
1160 1394 1221 1458 cir·

186 1487 356 1562 cumfundi,
376 1497 406 1549 et
420 1486 515 1550 nihilo
528 1486 631 1551 nrinus
646 1486 814 1550 fortissimo
828 1485 1038 1568 acerrimeque
1056 1507 1219 1572 pugnare.

186 1582 270 1664 quod
288 1580 343 1644 ubi
364 1578 483 1644 Caesar
500 1580 729 1657 animadvertit,
749 1577 853 1655 CCC,
875 1599 954 1662 quos
973 1601 1013 1642 ex
1030 1578 1221 1665 legionibus

185 1674 300 1739 babere
318 1673 478 1759 expeditos
497 1684 674 1750 consuerat,
698 1696 737 1737 ex
754 1673 897 1757 proxima
914 1671 1052 1757 legione,
1083 1695 1173 1756 quae
1192 1674 1221 1738 ei

185 1769 302 1854 proelio
319 1768 351 1831 iu
368 1768 434 1831 acie
452 1769 639 1845 constiterat,
658 1767 744 1832 iubet
761 1767 910 1849 equitatui
924 1788 1123 1831 succurrere.
1153 1769 1222 1833 La-

185 1861 296 1926 bienus
314 1861 436 1925 interim
455 1863 520 1926 suis
538 1861 693 1946 equitibus
713 1861 828 1925 auxilia
846 1860 1000 1944 equestria
1014 1862 1221 1926 summittere

186 1957 361 2038 sauciisque
380 1978 416 2019 ae
434 1955 611 2041 defatigatis
629 1957 766 2041 integros
785 1953 1072 2037 recentioribusque
1092 1955 1221 2020 viribus

185 2049 305 2133 equites
328 2047 582 2113 sumministrare.
627 2062 792 2133 postquam
815 2049 933 2133 equites
951 2046 1067 2111 Iuliani
1089 2047 1220 2115 CCCC

184 2143 247 2206 vim
265 2141 401 2206 bostium
419 2141 459 2205 ad
477 2141 547 2205 IIII
565 2142 649 2207 milia
666 2165 795 2208 numero
814 2143 964 2208 sustinere
982 2163 1047 2203 non
1064 2153 1221 2226 poterant

184 2246 216 2299 et
232 2258 252 2299 a
273 2235 334 2298 levi
356 2244 511 2299 armatura
531 2233 735 2300 Numidarum
758 2235 997 2301 vulnerabantur
1014 2235 1221 2301 minutatim-

183 2350 244 2411 que
262 2326 426 2405 cedebant,
454 2327 573 2393 Caesar
589 2329 717 2394 alteram
736 2331 817 2394 alam
835 2329 941 2406 mittit,
964 2328 1018 2411 qui
1037 2332 1221 2414 satagenti-

184 2421 243 2485 bus
261 2421 399 2487 celeriter
417 2433 638 2487 succurrerent.
682 2446 744 2506 quo
763 2425 845 2487 facto
864 2423 912 2486 sui
935 2422 1050 2486 sublati
1068 2424 1220 2489 universi

183 2515 215 2578 in
229 2515 335 2580 hostes
349 2516 552 2599 impressione
565 2518 648 2582 facta
660 2518 693 2580 in
707 2519 814 2603 fugam
829 2517 1022 2581 adversarios
1037 2517 1218 2594 dederuut3

182 2609 287 2673 multis
302 2610 422 2688 occisis,
437 2611 647 2695 compluribus
662 2612 829 2675 vulneratis
843 2610 974 2674 insecuti
987 2631 1044 2696 per
1054 2610 1111 2674 111
1128 2613 1220 2676 milia

182 2725 333 2788 passuum
352 2706 508 2787 usquead
531 2706 625 2770 colles
647 2705 788 2770 hostibus
812 2706 929 2768 adactis
949 2726 981 2768 se
1000 2704 1041 2766 ad
1065 2727 1150 2770 suos
1170 2730 1219 2770 re·

183 2797 309 2882 cipiunt.
355 2797 474 2862 Cacsar
491 2799 522 2861 in
545 2799 653 2863 horam
671 2799 707 2862 X
726 2808 946 2874 commoratus,
973 2797 1053 2860 sicut
1075 2812 1151 2864 erat
1171 2801 1220 2864 in-

183 2901 332 2967 structus,
360 2914 393 2955 se
416 2893 456 2955 ad
479 2916 536 2956 sua
558 2903 660 2956 castra
680 2892 796 2976 recepit
819 2891 962 2955 omnibus
983 2891 1217 2958 incolumibus.

182 2984 213 3046 in
236 3006 299 3067 quo
321 2984 437 3068 proelio
455 2985 602 3049 Pacidius
625 2986 761 3070 graviter
778 2985 842 3070 pilo
861 3008 916 3069 per
938 2985 1094 3048 cassidem
1116 3002 1218 3072 eaput

182 3077 261 3140 ictus
280 3077 515 3161 compluresque
533 3080 628 3142 duces
647 3100 684 3142 ac
701 3079 889 3143 fortissimus
904 3079 1034 3161 quisque
1049 3078 1217 3146 interfecti

183 3169 396 3252 vulneratique
415 3182 495 3234 sunt.

133 3278 163 3326 79
245 3261 417 3345 Postquam
436 3265 521 3328 nulla
539 3265 719 3329 condicione
737 3289 848 3353 cogere
863 3266 1056 3330 adversarios
1071 3278 1215 3349 poterat,

182 3364 215 3418 ut
233 3355 264 3418 in
282 3378 417 3439 aequum
434 3358 538 3423 locum
556 3360 778 3425 descenderent
793 3362 1011 3447 legionumque
1029 3361 1215 3444 periculum

181 3447 327 3529 facerent,
346 3473 447 3534 neque
464 3454 531 3539 ipse
549 3456 676 3540 propius
694 3455 815 3520 hostem
834 3468 936 3519 castra
949 3477 1063 3539 ponere
1077 3471 1216 3542 propter

181 3566 280 3627 aquae
297 3548 458 3631 penuriam
477 3571 510 3613 se
527 3571 621 3633 posse
639 3549 912 3625 animadvertebat,
932 3549 1130 3613 adversarios
1147 3575 1216 3617 non

181 3640 293 3705 virtute
312 3664 417 3706 corum
436 3644 601 3721 confidere,
621 3646 676 3708 scd
695 3667 844 3727 aquarum
863 3645 967 3728 inopia
984 3645 1081 3708 fretos
1099 3645 1215 3731 despi-

181 3756 250 3799 eerc
269 3757 302 3798 sc
320 3735 484 3813 intellexit,
512 3737 546 3800 II
564 3761 635 3802 non.
655 3737 733 3823 Apr.
753 3737 841 3801 tertia
864 3737 972 3823 uigilia
994 3760 1146 3822 egressus
1172 3740 1213 3805 ab

180 3827 293 3913 Aggar
306 3829 390 3893 XVI
404 3830 488 3894 milia
501 3843 590 3895 nocte
608 3854 792 3917 progressus
811 3833 851 3895 ad
864 3831 1035 3916 Thapsum,
1054 3831 1109 3895 ubi
1127 3833 1213 3897 Ver-

180 3922 272 4006 gilius
295 3946 365 3986 cum
388 3924 499 4009 grandi
522 3926 676 4009 praesidio
698 3936 852 4010 praeerat,
880 3937 982 3990 castra
1005 3926 1093 4009 ponit
1116 3931 1212 4014 oppi-

181 4017 316 4100 dumque
339 4039 376 4082 co
399 4018 449 4081 dic
471 4019 708 4082 circummunire
730 4020 831 4103 coepit
857 4019 985 4102 locaque
1008 4020 1123 4083 idonea
1153 4046 1212 4108 op-

180 4122 373 4194 portunaque
387 4112 547 4195 complura
560 4113 720 4196 praesidiis
736 4135 896 4196 occupare,
916 4113 1073 4177 hostesne
1088 4114 1210 4181 intrare

181 4204 220 4267 ad
243 4227 277 4268 se
300 4228 335 4268 ae
362 4206 430 4270 loca
455 4206 599 4270 interiora
626 4229 736 4291 capere
758 4222 894 4290 possent.
945 4205 1051 4289 Scipio
1079 4207 1209 4274 interim

181 4298 312 4382 cognitis
333 4297 477 4363 Caesaris
496 4300 631 4363 consiliis
650 4301 689 4364 ad
707 4301 922 4364 necessitatem
941 4301 1093 4363 adductus
1111 4301 1210 4367 dimi·

181 4391 280 4466 candi,
299 4414 338 4454 ne
356 4415 412 4477 per
430 4417 586 4457 summum
599 4393 733 4458 dedecus
748 4394 914 4457 fidissimos
930 4395 994 4457 suis
1008 4392 1102 4456 rebus
1117 4394 1207 4460 Tha·

181 4484 319 4567 psitanos
337 4496 369 4549 et
387 4486 559 4572 Vergilium
582 4488 748 4565 amitteret,
772 4488 934 4552 confestim
954 4487 1123 4551 Caesarem
1148 4511 1206 4574 per
