2692 5206
425 759 543 815 couti.
559 760 612 816 111.
629 760 747 816 94-97.
788 796 797 814 .
1034 749 1098 814 279

75 894 272 971 exspectans.
301 882 420 948 Caesar
431 881 633 968 Pompeianis
650 905 689 948 ex
703 882 779 970 fuga
791 883 872 949 intra
883 884 1000 950 vallum
1014 906 1098 951 com·
1116 907 1148 955 95

75 981 176 1068 pulsis
194 978 315 1043 nullum
333 977 467 1062 spatium
484 977 653 1062 perterritis
672 978 745 1042 dare
759 988 899 1062 oportere
916 979 1097 1045 existimans

76 1074 190 1139 milites
222 1071 399 1136 cohortatus
429 1080 490 1148 est,
521 1081 557 1135 ut
587 1069 737 1135 beneficio
768 1071 910 1137 fortunae
940 1083 1098 1138 uterentur

75 1179 239 1251 musque
261 1175 485 1251 oppugnarent
522 1165 588 1248 qui,
617 1167 676 1229 etsi
698 1188 813 1251 magno
834 1175 924 1231 aestu
949 1165 1036 1250 (nam
1057 1168 1098 1232 ad

77 1261 237 1327 meridiem
259 1281 309 1323 res
332 1268 397 1323 erat
422 1259 599 1343 perducta),
626 1269 730 1323 tamen
752 1259 793 1323 ad
814 1281 938 1324 omnem
959 1259 1097 1326 laborem

76 1355 180 1419 animo
197 1353 298 1439 parati
314 1352 445 1437 imperio
457 1361 634 1436 paruerunt.
662 1363 764 1417 eastra
777 1376 797 1416 a
809 1352 998 1433 cohortibus,
1016 1375 1097 1436 quae

77 1449 120 1513 ibi
136 1447 294 1533 praesidio
306 1455 393 1511 erant
406 1446 540 1523 relictae,
559 1446 709 1511 industrie
727 1446 982 1525 defendebantur,
1001 1447 1098 1512 multo

78 1543 172 1607 etiam
194 1541 296 1606 acrius
318 1564 338 1604 a
360 1539 534 1605 Thracibus
557 1540 757 1626 barbarisque
777 1542 911 1606 auxiliis.
946 1565 1020 1607 narn
1044 1543 1099 1626 qui

79 1659 116 1700 ex
134 1635 202 1700 acie
219 1633 399 1720 refugerant
416 1633 543 1711 milites,
571 1644 602 1699 et
624 1634 727 1700 animo
748 1636 901 1720 perterriti
923 1646 953 1700 et
974 1636 1099 1702 lassitu-

79 1730 149 1794 dine
171 1727 306 1794 confecti
327 1727 431 1792 missis
454 1727 593 1812 plerique
615 1728 709 1793 armis
732 1729 892 1815 signisque
914 1728 1098 1794 militaribus

80 1823 180 1909 magis
207 1821 246 1885 de
271 1821 391 1904 reliqua
415 1821 494 1908 fuga
523 1844 616 1905 quam
648 1822 687 1886 de
717 1833 888 1888 castrorum
918 1822 1098 1889 defensione

81 1915 265 2003 cogitabant
301 1938 402 2000 neque
420 1938 494 1981 vero
513 1916 643 1993 diutius,
667 1917 721 2000 qui
737 1916 771 1981 in
788 1917 870 1982 vallo
888 1919 1097 1995 constiterant,

81 2009 307 2076 multitudinem
333 2009 464 2074 telorum
490 2011 642 2075 sustinere
667 2019 848 2095 potuerunt,
879 2012 936 2077 sed
966 2011 1098 2077 confecti

81 2102 259 2168 vulneribus
275 2103 379 2167 locum
396 2103 600 2187 reliquerunt,
618 2105 822 2188 protinusque
840 2127 948 2170 omues
967 2105 1098 2171 ducibus

81 2198 126 2263 usi
139 2196 372 2262 centurionibus
386 2197 579 2281 tribunisque
593 2198 725 2263 militum
738 2199 771 2263 in
784 2199 953 2265 altissimos
966 2209 1098 2276 montes,

81 2291 131 2375 qui
148 2292 190 2356 ad
208 2301 310 2356 castra
326 2291 531 2376 pertinebant,
549 2292 766 2378 confugerunt.
792 2293 825 2357 in
843 2294 953 2359 eastris
966 2272 1148 2379 Pompeiis

81 2385 183 2450 videre
208 2385 295 2449 licuit
320 2384 458 2451 trichilas
485 2396 631 2463 structas,
659 2409 809 2471 magnum
834 2388 954 2473 argenti
975 2388 1098 2474 pondus

81 2479 268 2565 expositum,
302 2479 477 2544 recentibus
508 2480 677 2566 cespitibus
704 2480 904 2546 tabernacula
933 2492 1098 2559 constrata,

80 2573 172 2637 Lucii
189 2573 284 2638 etiam
300 2573 430 2638 Lentuli
448 2584 478 2638 et
500 2574 718 2639 nonnullorum
740 2573 939 2639 tabernacula
960 2584 1099 2659 protecta

81 2668 171 2733 edera
188 2667 348 2752 multaque
365 2678 534 2754 praeterea,
553 2691 632 2752 quae
646 2669 774 2733 nimiam
787 2667 941 2732 luxuriam
958 2678 990 2731 et
1002 2668 1100 2732 vieto-

81 2763 140 2828 riae
158 2762 305 2827 fiduciam
322 2763 533 2848 designarent,
553 2775 587 2826 ut
605 2762 696 2827 facilc
714 2761 883 2827 existimari
899 2771 1006 2846 posset
1022 2760 1100 2824 nihil

82 2878 131 2922 eos
149 2857 190 2921 de
208 2866 322 2921 eventu
338 2857 405 2921 eius
424 2858 485 2921 diei
503 2857 653 2933 timuisse,
672 2856 806 2939 quinon
820 2854 1012 2920 necessarias
1026 2875 1099 2918 eon-

82 2951 235 3033 qnirerent
259 2949 444 3034 voluptates.
489 2960 521 3014 at
546 2949 579 3013 hi
610 2950 781 3013 miserrimo
807 2971 845 3013 ac
874 2947 1099 3033 patientissimo

82 3044 216 3108 exercitu
234 3042 380 3108 Caesaris
398 3043 551 3108 luxuriem
569 3042 758 3120 obiciebant,
786 3042 837 3107 cui
854 3063 978 3126 semper
995 3040 1101 3105 omnia

82 3138 119 3202 ad
142 3138 355 3203 necessarium
380 3162 474 3203 usum
499 3138 683 3203 defuissent.
726 3136 913 3222 Pompeius,
939 3136 1002 3200 iam
1027 3156 1099 3199 cum

82 3229 159 3295 intra
178 3230 296 3296 vallum
317 3232 414 3296 nostri
439 3243 649 3308 versarentur,
677 3253 791 3315 equum
817 3239 928 3295 nactus
953 3229 1099 3294 detractis

82 3324 254 3412 insignibus
272 3326 466 3411 imperatoris
484 3327 657 3391 decumana
673 3335 763 3411 porta
780 3348 814 3389 sc
832 3348 871 3389 ex
884 3324 994 3390 castris
1011 3324 1100 3389 eiecit

82 3422 280 3506 protinusque
298 3444 379 3505 equo
392 3422 485 3486 citato
498 3422 646 3487 Larisam
658 3421 825 3485 contendit.
851 3440 952 3502 neque
965 3417 1010 3483 ibi
1027 3440 1101 3482 eon·

82 3516 170 3591 stitit,
200 3516 257 3581 scd
279 3517 389 3580 eadem
411 3517 566 3580 celeritate
589 3537 706 3601 paucos
729 3536 803 3579 suos
826 3536 866 3578 ex
890 3513 969 3598 fuga
990 3526 1099 3576 nactus

82 3621 230 3674 nocturno
252 3609 360 3674 itinere
381 3632 445 3674 uon
466 3610 642 3674 intermisso
665 3608 813 3673 comitatu
834 3606 972 3690 equitum
989 3605 1100 3669 XXX

82 3702 120 3766 ed
148 3725 236 3768 mare
270 3704 411 3789 pervenit
444 3725 619 3787 navemque
653 3702 887 3766 frumentariam
921 3698 1100 3764 conscendit

82 3818 186 3882 saepe,
214 3805 250 3861 ut
266 3796 440 3876 dicebatur,
466 3820 600 3882 querens
618 3806 737 3861 tantum
761 3818 795 3860 se
818 3794 995 3880 opinionem
1011 3792 1101 3857 fefel-

82 3888 166 3968 lisse,
189 3901 240 3968 ut,
263 3915 282 3955 a
299 3913 361 3975 quo
378 3914 492 3979 genere
510 3892 670 3956 hominum
688 3889 850 3955 victoriam
868 3896 1038 3973 sperasset,
1060 3885 1100 3951 ab

81 4005 116 4049 eo
140 3985 231 4050 initio
257 3984 353 4071 fugae
374 3987 458 4051 facto
480 4008 579 4071 paene
604 3984 746 4071 proditus
773 3983 938 4048 videretur.
982 3979 1101 4046 Caesar
1119 4000 1150 4046 ur

81 4080 188 4145 caseis
206 4080 325 4166 potitus
343 4104 363 4146 a
379 4081 529 4146 militibus
543 4079 711 4156 contendit,
729 4100 769 4142 ne
781 4078 814 4142 in
826 4078 943 4163 praeda
959 4075 1101 4160 occupati

78 4172 189 4258 reliqui
206 4174 325 4260 negotii
342 4176 470 4261 gerendi
488 4174 668 4240 facultatem
685 4173 882 4237 dimitterent
914 4193 977 4254 qua
992 4192 1026 4235 re
1043 4169 1101 4234 im-

78 4276 201 4353 petrata
216 4278 357 4334 montem
374 4291 467 4355 opere
485 4268 722 4333 circummunire
739 4265 880 4330 instituit.
907 4262 1100 4350 Pompeiani,

78 4361 163 4445 quod
179 4361 209 4426 is
226 4384 318 4426 mons
336 4373 403 4427 erat
420 4363 487 4428 sine
504 4384 599 4447 aqua,
622 4360 719 4425 diffisi
737 4359 765 4424 ei
782 4359 850 4423 loco
872 4357 979 4424 relicto
996 4366 1100 4422 monte

78 4455 217 4521 universi
234 4455 317 4542 iugis
336 4457 403 4523 eius
421 4457 566 4521 Larisam
585 4479 694 4521 versus
717 4476 751 4520 se
767 4453 905 4538 recipere
922 4461 1098 4538 coeperunt.
