2692 5206
468 787 596 846 CAPUT
614 789 732 843 64-69.
1042 777 1105 842 355

113 911 160 976 rim
174 912 373 976 multitudinis
392 933 463 975 cum
482 912 601 994 equites
618 910 710 997 pauci
729 909 909 975 Caesariani
931 912 993 976 ianr
1011 914 1104 977 susti-

115 1027 168 1070 ncte
181 1030 240 1071 non
257 1016 400 1091 possent,
425 1004 545 1071 Caesar
560 1006 726 1069 instructas
744 1005 882 1090 legiones
900 1005 1036 1070 hostium
1053 1030 1105 1072 co·

117 1099 158 1183 piis
175 1102 315 1165 ostendit.
360 1121 421 1183 quo
443 1099 526 1164 Iacto
547 1100 708 1184 perterrito
729 1099 872 1164 Labieno
894 1120 931 1163 ac
952 1101 1106 1166 retardato

118 1214 170 1257 suos
188 1194 304 1277 equites
326 1194 442 1277 recepit
463 1192 644 1257 incolumes.
688 1202 813 1277 postero
834 1193 884 1256 die
901 1192 982 1257 Iuba
998 1193 1107 1257 Numi·

118 1285 156 1349 dat
169 1309 229 1363 eos,
253 1287 307 1370 qui
324 1287 393 1352 loco
411 1287 528 1351 amisso
546 1286 623 1372 Iuga
641 1308 674 1350 se
692 1301 870 1371 receperant
888 1287 919 1350 in
937 1298 1051 1365 castra,
1074 1288 1107 1351 in

118 1399 183 1444 curce
198 1403 305 1445 omnes
324 1380 452 1444 suffixit.
481 1378 601 1444 Caesar
616 1380 748 1456 interim,
768 1380 912 1462 quoniam
925 1381 1030 1465 inopia
1042 1380 1108 1445 sru-
1125 1403 1156 1450 67

118 1474 188 1537 menti
202 1472 411 1557 premebatur,
435 1475 541 1558 copias
559 1495 666 1537 omnes
684 1473 718 1536 in
734 1489 836 1536 castra
852 1474 997 1537 conducit
1013 1486 1107 1557 atque

116 1567 241 1646 praesidio
259 1568 369 1651 Lepti,
392 1567 567 1653 Ruspinae,
592 1566 715 1631 Acillae
732 1566 851 1643 relicto,
879 1566 988 1652 Cispio
1005 1568 1107 1651 Aqui-

116 1655 198 1743 laeque
214 1662 315 1725 classe
334 1662 454 1739 tradita,
473 1672 507 1725 ut
523 1662 600 1725 alter
616 1661 835 1736 Adrumetum,
853 1662 930 1724 altor
944 1661 1107 1746 Thapsum

116 1756 172 1819 uari
185 1756 374 1834 obsiderent,
391 1758 459 1841 ipse
478 1757 587 1821 castris
605 1757 739 1821 incensis
758 1770 868 1841 quarta
885 1759 983 1824 noetis
1000 1757 1109 1843 vigilia

116 1847 163 1912 aie
176 1849 324 1914 instructa
340 1851 570 1935 impedimentis
588 1851 621 1913 in
643 1851 767 1914 sinistra
784 1867 871 1934 parte
893 1851 1050 1915 collocatis
1068 1873 1107 1915 ex

115 1960 142 2004 eo
153 1940 211 2007 loco
228 1943 433 2027 proficiscitur
450 1955 481 2008 et
498 1945 639 2029 pervenit
656 1945 697 2009 ad
714 1944 862 2028 oppidum
879 1943 1004 2030 Aggar3
1023 1945 1108 2027 quod

116 2032 275 2101 sliaetulis
304 2059 396 2122 saepe
423 2048 515 2102 antea
541 2048 755 2123 oppugnatum
787 2059 969 2120 summaque
996 2037 1027 2101 vi
1052 2058 1108 2122 per

116 2124 178 2209 ipsos
193 2131 363 2215 oppidanos
381 2141 447 2194 erat
464 2130 638 2195 defensum.
673 2130 717 2194 ibi
733 2131 766 2194 in
784 2152 894 2215 campo
911 2130 1020 2195 eastris
1038 2130 1108 2195 unis

116 2223 198 2301 positis
215 2225 282 2309 ipse
301 2224 522 2288 frumentatum
536 2224 652 2287 circum
666 2224 755 2288 rillas
770 2246 841 2287 eum
854 2236 941 2308 parte
955 2223 1108 2288 exercitus

117 2316 246 2395 profectus
269 2340 384 2402 magno
410 2320 536 2383 invento
562 2318 661 2393 ordei,
689 2317 762 2394 olel,
790 2318 867 2393 tini,
896 2317 947 2381 fici
968 2340 1107 2393 numero,

117 2425 192 2488 pauco
207 2412 298 2475 tritici
316 2425 409 2494 atquc
422 2422 560 2476 recreato
573 2412 710 2475 exercitu
724 2412 803 2475 redit
816 2412 848 2474 iu
862 2423 972 2475 eastra.
1001 2410 1108 2496 Scipio

117 2497 211 2568 iuterim
228 2506 352 2591 cognito
367 2503 512 2569 Caesaris
531 2506 673 2569 discessu
691 2527 761 2569 cum
775 2505 928 2568 universis
942 2505 1039 2589 copiis
1052 2527 1109 2589 per

118 2589 199 2678 iugum
221 2598 390 2664 Caesarem
418 2599 566 2683 subsequi
592 2600 694 2683 eoepit
720 2617 812 2681 atque
839 2597 878 2662 ab
904 2599 971 2661 eius
998 2599 1107 2662 eastris

118 2687 180 2755 uitis
195 2715 344 2777 passuum
367 2692 416 2756 VI
441 2693 535 2779 longe
562 2694 648 2757 trinis
676 2694 786 2757 castris
813 2691 983 2776 dispertitis
1010 2691 1109 2775 copiis

117 2788 237 2851 amede
264 2788 413 2873 oppidum
428 2802 493 2851 erat
507 2787 593 2865 Zeta,
612 2789 697 2871 quod
710 2787 817 2851 aberat
830 2811 849 2849 a
863 2784 1009 2869 Scipione
1023 2785 1110 2850 milia
1127 2803 1158 2851 6ss

117 2890 238 2953 passuum
255 2881 302 2956 X,
321 2882 361 2945 ad
379 2882 445 2946 eius
464 2882 623 2966 regionem
642 2892 672 2945 et
689 2891 808 2966 partem
826 2889 997 2943 castrorum
1015 2878 1110 2942 collo·

116 2977 202 3051 Qtum,
220 2998 240 3039 a
257 2973 393 3038 Caesam
411 2985 516 3038 autem
534 2975 691 3039 diversum
710 2997 746 3038 ac
763 2985 925 3048 remotum,
943 2972 1027 3055 quod
1045 2982 1111 3035 erat

116 3057 191 3132 ⁸beo
210 3068 304 3153 longe
327 3067 411 3131 milia
433 3090 583 3152 passuum
601 3068 717 3132 XIIII.
762 3067 823 3130 huc
843 3065 948 3151 Scipio
970 3065 1110 3151 legiones

115 3148 172 3225 dtas
187 3162 395 3227 frumentandi
413 3163 510 3247 gratia
532 3162 624 3226 misit.
652 3162 736 3245 quod
754 3173 920 3246 postquam
935 3159 1054 3225 Caesar
1071 3182 1110 3224 cx

112 3252 221 3342 terfuga
243 3255 404 3341 cognovit,
432 3256 540 3319 castris
563 3278 602 3319 ex
624 3277 736 3340 campo
756 3256 789 3318 in
812 3255 922 3319 collem
945 3254 1112 3318 astutiora

111 3331 162 3412 toa
175 3349 293 3414 eonas
311 3360 404 3433 aque
421 3349 464 3414 im
482 3350 637 3434 praesum
659 3350 765 3414 renea
787 3350 854 3433 ipse
877 3358 987 3432 quara
1003 3348 1111 3432 agua

108 3448 234 3521 egressus
257 3453 380 3529 praeter
400 3443 538 3507 hostium
561 3454 662 3507 eastra
684 3443 890 3528 proficiscitur
915 3464 987 3506 cum
1012 3442 1110 3526 copiis

106 3537 287 3627 ‚ttoppidum
308 3536 433 3621 potitur.
477 3537 616 3623 legiones
637 3535 793 3622 Scipionis
816 3536 966 3620 comperit
987 3534 1111 3621 longius
1226 3601 1228 3606 ,

106 3630 234 3716 ltagris
265 3630 448 3694 frumentari
478 3642 521 3707 et,
553 3653 624 3694 cum
655 3654 692 3695 eo
723 3631 909 3694 contendere
939 3639 1111 3705 conaretur,

106 3722 306 3788 uimadvertit
324 3723 429 3808 copias
447 3723 583 3788 bostium
601 3725 650 3788 his
669 3724 846 3809 legionibus
864 3744 1023 3787 occurrere
1038 3745 1113 3808 sup-

106 3817 198 3882 stirs.
242 3839 324 3900 quae
345 3839 396 3881 res
419 3817 485 3881 eius
508 3819 657 3902 impetum
675 3818 851 3882 retardavit.
895 3817 999 3900 itaque
1022 3828 1113 3901 capte

106 3896 133 3975 ἶ.
148 3910 290 3976 Minucio
308 3911 445 3996 Regino,
464 3912 566 3994 equite
584 3912 742 3988 Romano,
763 3910 919 3996 Scipionis
937 3911 1114 3975 familiaris·

107 3994 181 4083 imo,
198 4006 253 4089 qui
271 4006 300 4070 ei
318 4007 432 4091 oppido
449 4016 599 4090 praeerat,
619 4018 649 4070 et
666 4005 704 4071 P.
723 4005 829 4087 Atrie,
849 4005 952 4087 equite
970 4005 1113 4069 Romano

106 4087 312 4164 lsoonventu
334 4100 491 4177 Uticensi,
519 4112 549 4164 et
576 4101 702 4165 camelis
725 4099 833 4162 XXII
861 4101 945 4185 regis
971 4098 1113 4163 abductis

106 4193 246 4258 »moisio
271 4192 408 4259 ibicum
432 4192 538 4279 Oppio
563 4194 667 4280 legato
693 4194 800 4258 relicto
827 4194 894 4278 ipse
922 4216 955 4258 se
976 4193 1114 4277 recipere

106 4287 194 4370 oepit
210 4288 251 4352 ad
268 4298 379 4353 castra.
424 4310 495 4353 cum
513 4288 575 4353 iam
592 4311 654 4352 non
672 4289 765 4374 longe
787 4311 805 4350 a
828 4287 937 4352 eastris
958 4284 1114 4371 Scipionis
1132 4306 1163 4353 so

106 4369 230 4459 bearet,
256 4403 338 4465 quae
363 4404 435 4447 eum
461 4404 590 4447 necesse
612 4392 678 4447 erat
697 4382 923 4467 praetergredi,
951 4380 1113 4444 Labienus

106 4461 306 4560 &tantusque
329 4479 506 4542 cumomni
528 4478 667 4561 equitatu
688 4477 812 4561 levique
834 4488 989 4540 armatura
1011 4496 1050 4538 ex
1067 4474 1114 4537 in-

106 4556 182 4634 {diis
207 4572 306 4636 adorti
332 4572 448 4658 agmini
474 4572 541 4636 eius
569 4583 707 4636 extremo
734 4593 769 4636 se
796 4572 930 4635 offerunt
956 4582 1048 4652 atque
1074 4589 1113 4630 ex

890 4671 941 4722 23‘
