2692 5206
401 129 517 180 (tutu.
538 131 584 180 tt,
604 132 631 177 :n
646 130 721 179 v--tn
1009 122 1066 178 uin

43 251 167 333 exquires·
193 250 339 312 attribuit.
385 252 495 333 partito
519 252 654 314 exercitu
675 251 779 312 'litum
798 251 973 315 Labienum
994 276 1064 315 eum
1088 275 1118 319 aa

43 345 225 429 legionibus
244 344 343 408 tribus
362 346 402 408 ad
422 344 585 409 Oceanum
604 368 712 410 versus
731 346 763 408 in
781 367 834 409 eas
852 356 969 430 partes,
989 369 1068 429 quae

43 437 217 523 Menapios
243 438 411 523 attingunt,
438 438 592 523 proficisci
613 438 713 516 iubet3
742 436 857 503 Gaium
879 439 1069 505 Trebonium

45 554 119 598 eum
138 531 208 617 pari
224 531 383 617 legionum
401 555 529 597 numero
543 533 583 596 ad
596 554 665 597 eam
681 533 850 618 regionem,
868 554 947 616 quae
960 532 1070 598 Adua-

47 626 129 692 tueis
148 626 284 702 adimet,
303 625 551 710 depopulandam
569 626 676 703 mittit3
699 627 767 711 ipse
785 648 857 690 eum
873 628 999 711 reliquis
1016 628 1070 692 tri-

47 719 108 787 bus
130 720 174 784 ad
195 719 311 784 llumen
335 718 494 797 scaldem,
522 722 605 804 quod
628 722 727 785 influit
749 721 781 785 in
802 721 944 801 Mosam,
970 733 1071 787 extre-

48 835 181 897 masque
198 811 389 877 Arduennae
406 815 503 899 pertis
521 816 565 879 ire
584 815 756 892 constituit,
783 837 846 899 quo
868 837 940 879 cum
961 816 1070 902 paucis

48 906 208 991 equitibus
220 907 394 992 profectum
407 906 624 993 Ambiorigem
638 908 794 973 audiebat.
822 909 986 973 discedens
999 919 1071 994 post
1157 987 1159 992 Ι

50 1002 134 1067 diem
152 1001 321 1085 septimum
339 1024 409 1065 sese
425 1024 621 1066 reversurum
637 1003 811 1067 confirmat:
829 1025 923 1085 quam
936 1003 977 1067 ad
989 1003 1071 1067 diem

50 1096 78 1159 ei
94 1094 223 1182 legioni,
241 1116 321 1178 quae
338 1094 371 1157 in
388 1096 543 1180 pracsidio
555 1096 795 1179 relinquebatur,
814 1096 1004 1160 frumentum
1018 1096 1072 1159 de·

50 1187 117 1253 beri
139 1186 269 1254 sciebat.
313 1188 491 1252 Labienum
509 1188 762 1272 Treboniumque
785 1189 937 1267 hortatur,
965 1189 992 1253 si
1013 1188 1072 1253 rci-

52 1280 197 1367 publieae
214 1282 377 1347 commodo
394 1283 497 1346 facere
514 1283 649 1367 possint,
668 1284 709 1347 ad
726 1306 798 1347 cum
815 1283 898 1347 diem
914 1292 1072 1347 revertan-

55 1390 110 1455 tur,
128 1388 164 1441 ut
180 1398 290 1441 rursus
308 1377 534 1442 communicato
552 1378 680 1443 consilio
694 1377 922 1463 exploratisque
934 1376 1071 1442 hostium

53 1470 222 1537 rationibus
240 1470 325 1535 aliud
343 1470 416 1535 belli
431 1471 555 1535 initium
573 1495 682 1557 capere
700 1472 831 1557 possint.
878 1482 952 1549 crat,
970 1482 1006 1535 ut
1019 1494 1071 1535 su·
1089 1492 1122 1538 ar

57 1586 109 1649 pra
133 1564 431 1641 demonstravimus,
458 1588 569 1630 manus
592 1578 676 1630 corta
696 1566 796 1643 nulla,
823 1588 886 1630 non
912 1565 1070 1651 oppidum,

59 1680 115 1725 aon
130 1658 336 1745 praesidium,
359 1659 445 1741 quod
462 1682 496 1724 se
514 1660 607 1725 armis
626 1660 819 1738 defenderet,
838 1660 894 1725 sed
912 1660 944 1723 in
962 1682 1070 1725 omnes

61 1752 150 1837 partis
173 1751 316 1836 dispersa
337 1750 511 1816 multitudo.
560 1752 615 1819 ubi
637 1754 749 1837 cuique
771 1764 825 1818 aut
846 1752 943 1818 valles
966 1753 1072 1818 abdita

64 1858 110 1909 sut
123 1844 213 1911 locus
230 1844 380 1909 silvestris
399 1855 453 1909 aut
469 1846 560 1931 palus
577 1847 726 1932 impedita
748 1870 837 1932 spem
853 1848 1000 1933 praesidii
1018 1858 1070 1911 aut

67 1938 163 2005 salutis
180 1938 318 2022 aliquam
336 1939 499 2018 offerebat,
518 1943 709 2007 consederat.
753 1943 831 2006 haec
848 1942 917 2007 loca
933 1942 1073 2006 vicinita-

10 2086 14 2113 ,
69 2030 138 2097 tibus
154 2044 243 2099 erant
259 2044 347 2108 nota,
373 2056 582 2120 magnamque
605 2060 654 2100 res
677 2036 869 2122 diligentiam
885 2034 1071 2118 requirebat,

72 2146 124 2189 mn
135 2126 168 2191 in
184 2149 308 2191 summa
320 2127 473 2193 exereitus
487 2131 602 2193 tuenda
620 2128 753 2212 (nullum
770 2129 853 2193 enim
867 2138 987 2213 poterat
1004 2130 1072 2192 uni-

75 2219 155 2285 versis
170 2218 211 2285 ab
228 2220 396 2305 perterritis
414 2244 451 2285 ac
468 2222 618 2308 dispersis
636 2222 808 2307 perieulum
825 2222 993 2306 accidere),
1017 2223 1073 2287 sed

78 2308 240 2401 insingulis
262 2312 411 2378 militibus
434 2317 654 2382 conservandis
660 2341 670 2394 ;
696 2338 777 2400 quae
799 2326 903 2381 tamen
925 2338 966 2379 ex
985 2326 1073 2401 parte

80 2424 118 2469 res
129 2406 165 2473 ul
180 2408 312 2473 salutem
330 2408 482 2474 exercitus
502 2409 684 2496 pertinebat
728 2434 802 2474 nam
820 2420 851 2475 et
867 2409 1002 2495 praedae
1018 2430 1073 2475 eu-

82 2498 171 2581 piditas
186 2502 302 2569 multos
318 2502 443 2590 longius
461 2505 626 2581 evocabat,
652 2516 683 2570 et
705 2505 800 2570 silvae
821 2504 947 2569 incertis
971 2502 1074 2569 occul-

82 2590 160 2678 tisque
175 2596 337 2665 itineribus
356 2599 510 2665 confertos
529 2599 614 2663 adire
627 2598 842 2684 prohibebant.
869 2597 896 2662 si
913 2597 1074 2683 negotium

85 2688 168 2755 antu
183 2692 373 2777 stirpemque
395 2693 556 2759 hominum
579 2693 798 2758 sceleratorum
822 2690 953 2755 interfici
970 2691 1073 2767 vellet,

83 2776 256 2850 dimitendae
276 2786 381 2872 plures
403 2810 514 2851 manus
537 2786 764 2871 diducendique
786 2798 871 2850 erant
894 2784 1021 2863 milites3
1045 2784 1073 2847 si

85 2876 211 2944 minere
228 2879 270 2945 ad
287 2881 378 2967 signa
400 2880 575 2966 manipulos
597 2880 702 2957 vellet,
729 2889 765 2944 ut
785 2880 926 2944 instituta
945 2879 1074 2942 ratioet

84 2973 250 3039 amatodo
267 2974 420 3039 exercitus
437 2973 573 3039 Romani
590 2973 782 3058 postulabat,
810 2974 897 3037 locus
919 2972 987 3056 ipse
1009 2982 1075 3034 erat

83 3065 212 3141 moidio
229 3066 384 3145 barbaris,
407 3090 507 3152 neque
526 3091 565 3131 ex
582 3067 703 3132 occulto
720 3066 887 3131 insidiandi
905 3076 935 3129 et
957 3063 1076 3149 disper-

84 3172 121 3221 tes
141 3160 398 3226 circumveniendi
420 3162 551 3248 singulis
573 3162 678 3225 deerat
700 3160 840 3225 audacia.
886 3168 919 3223 at
939 3157 972 3222 in
994 3158 1076 3222 cius-

10 3300 13 3325 ,
83 3250 145 3317 medi
160 3252 407 3334 difficultatibus,
430 3266 580 3340 quantum
598 3255 757 3341 diligentia
773 3255 929 3340 provideri
945 3262 1074 3339 poterat,

81 3346 291 3427 metebatur,
317 3361 352 3415 ut
373 3351 477 3435 potius
499 3352 533 3414 in
552 3350 693 3415 nocendo
716 3349 832 3431 aliquid
852 3347 1076 3433 praetermitte-

81 3446 153 3517 retur,
169 3442 228 3507 etsi
245 3444 385 3508 omnium
402 3444 497 3509 animi
514 3444 554 3508 ad
571 3443 783 3508 ulciscendum
801 3441 963 3517 ardebant,
982 3463 1077 3524 quam

81 3548 136 3598 cum
157 3534 261 3621 aliquo
291 3537 424 3602 militum
455 3539 638 3602 detrimento
665 3548 836 3601 noceretur.
885 3535 1011 3600 dimittit
1036 3534 1076 3599 ad

81 3620 205 3695 finitimas
231 3630 374 3696 civitates
399 3632 524 3697 nuntios
548 3631 679 3697 Caesar:
707 3653 814 3695 omnes
840 3630 882 3694 ad
908 3652 942 3695 se
968 3642 1077 3694 evocat

81 3736 123 3800 ¹120
136 3724 266 3807 praedae
283 3724 325 3789 ad
345 3725 534 3811 diripiendos
551 3724 732 3802 Eburones,
758 3737 792 3787 ut
814 3724 918 3809 potius
939 3723 971 3787 in
990 3723 1076 3787 silvis

82 3804 223 3883 Gutomm
239 3819 305 3884 sita
321 3841 416 3903 quam
433 3820 621 3907 legionarius
643 3820 732 3884 miles
754 3819 956 3904 periclitetur,
984 3816 1076 3881 simul

81 3915 226 3999 utmagna
246 3913 442 3980 multitudine
465 3915 654 3981 circumfusa
674 3936 731 3999 pro
753 3913 808 3977 tali
828 3913 965 3979 facinore
983 3911 1076 3994 stirps
