2738 5272
176 777 240 843 182
525 796 576 850 uu
594 793 719 850 nunno
738 793 858 852 cuum

175 915 312 1001 reliquas
330 918 468 1006 legiones
486 941 525 983 ex
542 918 680 983 hibernis
699 928 809 983 evocat
827 928 858 982 et
876 917 1026 1000 subsequi
1039 918 1134 983 iubet
1163 941 1206 986 eo

175 1009 217 1075 L.
246 1011 366 1078 Caesar
391 1013 574 1078 adulescens
601 1014 699 1090 venit,
728 1014 817 1077 cuius
844 1023 932 1097 pater
959 1011 1105 1078 Caesaris
1134 1024 1205 1078 erat

175 1105 310 1192 legatus.
353 1108 380 1172 is
410 1107 530 1190 reliquo
557 1128 699 1171 sermone
726 1105 882 1182 conlecto,
915 1106 1004 1170 cuius
1031 1107 1076 1170 rei
1102 1128 1206 1171 causa

176 1210 314 1279 venerat,
332 1201 446 1266 habere
465 1223 499 1265 se
517 1199 701 1285 aPompeio
719 1200 759 1264 ad
777 1223 849 1264 cum
867 1200 980 1285 privati
998 1199 1093 1265 osfieii
1111 1223 1206 1263 man-

177 1294 251 1359 data
271 1295 476 1362 demonstrat:
504 1295 584 1361 velle
602 1294 788 1380 Pompeium
811 1317 845 1358 se
869 1294 999 1359 Caesari
1020 1305 1203 1382 purgatum,

177 1411 217 1454 ne
240 1412 290 1468 ea,
318 1413 398 1475 quae
415 1389 604 1476 reipublicae
621 1412 718 1454 eausa
735 1389 846 1474 egerit,
873 1389 906 1452 in
929 1412 1017 1453 suam
1039 1400 1205 1453 contume-

177 1483 251 1548 liam
269 1495 377 1550 vertat.
414 1507 537 1570 semper
555 1507 588 1549 se
605 1483 793 1569 reipublicae
812 1483 977 1548 commoda
997 1484 1126 1568 privatis
1146 1506 1206 1547 ne-

178 1579 419 1646 cessitudinibus
445 1579 594 1644 habuisse
619 1578 750 1664 potiora.
796 1576 965 1642 Caesarem
991 1599 1115 1660 quoque
1143 1599 1204 1661 pro

178 1696 236 1738 sua
253 1674 404 1760 dignitate
425 1674 538 1740 debere
561 1684 592 1738 et
609 1673 746 1738 studium
769 1682 800 1736 et
816 1672 1009 1735 iracundiam
1032 1695 1122 1736 suam
1140 1671 1205 1736 rei-

177 1767 321 1852 publicae
339 1768 493 1834 dimittere
511 1790 611 1851 neque
630 1768 708 1832 adeo
725 1766 861 1852 graviter
878 1766 970 1829 irasci
987 1766 1135 1842 inimicis,
1155 1778 1202 1842 ut,

179 1885 250 1926 cum
268 1862 328 1926 illis
346 1885 458 1928 nocere
478 1885 511 1927 se
525 1872 637 1946 speret,
656 1860 843 1945 reipublicae
857 1870 976 1923 noceat.
1002 1882 1102 1944 pauca
1116 1859 1204 1923 cius-

178 1955 251 2019 dem
275 1956 398 2042 generis
425 1956 510 2020 addit
537 1977 609 2019 cum
634 1954 833 2019 excusatione
859 1953 992 2038 Pompei
1023 1954 1200 2017 coniuncta.

179 2048 288 2113 eadem
306 2049 372 2114 fere
389 2060 482 2133 atque
500 2049 618 2113 eisdem
636 2048 739 2112 verbis
758 2057 881 2132 praetor
894 2047 1029 2112 Roscius
1047 2048 1111 2132 agit
1126 2070 1200 2111 curn

179 2141 315 2207 Caesare
342 2142 463 2226 sibique
489 2142 675 2227 Pompeium
705 2164 964 2206 commemorasse
996 2142 1199 2205 demonstrat.

145 2257 160 2304 9
178 2258 325 2320 quaeres
344 2237 403 2300 etsi
419 2236 496 2300 nihil
514 2236 719 2301 adleuandus
738 2237 864 2300 iniurias
882 2236 1035 2320 pertinere
1049 2236 1202 2300 videban-

179 2339 241 2405 tur,
269 2339 373 2394 tamen
394 2329 522 2394 idoneos
544 2340 653 2394 nactus
676 2329 832 2406 homines,
860 2353 916 2414 per
938 2351 1016 2412 quos
1039 2352 1089 2406 es,
1117 2353 1201 2413 quac

178 2422 284 2499 vellet,
311 2423 352 2487 ad
374 2446 445 2488 eum
467 2424 688 2509 perferrentur,
716 2425 791 2508 petit
815 2423 854 2486 ab
878 2435 1021 2506 utroque,
1049 2425 1200 2505 quoniam

178 2516 310 2602 Pompei
328 2517 474 2582 mandata
491 2518 532 2582 ad
550 2540 584 2583 se
602 2518 779 2594 detulerint,
803 2541 842 2580 ne
861 2529 1028 2602 graventur
1046 2540 1103 2581 sua
1120 2541 1201 2601 quo-

178 2632 240 2695 que
266 2611 306 2675 ad
332 2633 404 2675 eum
425 2612 582 2696 postulata
603 2612 738 2687 deferre,
767 2612 793 2674 si
815 2634 911 2695 parvo
939 2611 1043 2674 labore
1065 2635 1200 2696 magnas

179 2705 403 2770 controversias
427 2705 533 2770 tollere
556 2715 647 2788 atquc
670 2728 793 2770 omnem
815 2704 938 2768 Italiam
960 2715 1045 2767 metu
1066 2704 1200 2770 liberare

179 2799 308 2884 possint.
336 2798 395 2863 sibi
412 2822 536 2884 semper
552 2800 683 2884 primam
702 2799 888 2884 reipublicae
902 2798 1001 2861 fuisse
1015 2799 1200 2883 dignitatem

178 2894 304 2977 vitaque
321 2894 481 2978 potiorem.
509 2894 645 2958 doluisse
664 2916 706 2970 se,
726 2894 811 2975 quod
827 2892 934 2977 populi
952 2892 1086 2956 Romani
1104 2892 1201 2956 benc-

178 2989 284 3053 licium
310 2988 370 3051 sibi
395 3009 451 3072 per
477 2989 695 3051 contumeliam
721 2987 761 3051 ab
788 2987 921 3050 inimicis
953 2996 1198 3069 extorqueretur,

180 3090 345 3165 ereptoque
364 3081 527 3143 semenstri
544 3081 672 3164 imperio
689 3081 722 3143 in
740 3080 849 3144 urbem
866 3080 1084 3155 retraheretur,
1109 3080 1199 3143 euius

180 3172 317 3237 absentis
339 3173 492 3236 rationem
513 3172 619 3236 haberi
641 3174 791 3258 proximis
819 3174 950 3238 comitiis
973 3173 1107 3257 populus
1134 3173 1201 3236 ius-

180 3265 281 3329 sisset.
308 3274 412 3327 tamcn
430 3265 510 3328 hauc
528 3266 677 3329 iacturam
695 3267 820 3331 honoris
840 3269 889 3331 sui
902 3267 1089 3351 reipublicae
1103 3288 1200 3330 causa

179 3379 278 3440 aequo
296 3358 399 3421 animo
417 3357 539 3422 tulisse:
567 3380 639 3423 cum
657 3360 773 3426 litteras
792 3361 832 3424 ad
850 3372 992 3425 senatum
1010 3360 1141 3435 miserit,
1165 3371 1201 3423 ut

180 3473 287 3516 omnes
306 3451 345 3515 ab
364 3453 549 3517 exercitibus
568 3453 775 3533 discederent,
802 3479 841 3519 ne
859 3457 893 3518 id
910 3455 1036 3537 quidem
1053 3455 1201 3538 impetra-

179 3545 271 3610 visse.
299 3545 464 3610 totaltalia
477 3546 614 3611 delectus
629 3548 746 3625 haberi,
765 3550 888 3612 retineri
902 3549 1040 3632 legiones
1055 3546 1098 3622 II,
1117 3569 1200 3629 quae

180 3638 220 3703 ab
243 3661 277 3703 se
299 3639 493 3704 simulatione
511 3640 649 3705 Parthici
671 3643 744 3707 belli
767 3644 828 3707 sint
850 3642 1017 3717 abductae,
1041 3641 1200 3704 civitatem

179 3755 249 3798 csse
271 3733 302 3797 in
324 3734 428 3797 armis.
464 3756 599 3818 quonam
621 3736 698 3800 haec
720 3737 824 3801 omnia
845 3736 904 3799 nisi
927 3736 967 3798 ad
990 3757 1079 3798 suam
1097 3734 1201 3817 pemi-

180 3827 259 3891 ciem
276 3827 447 3912 pertinere?
482 3828 537 3892 sed
555 3839 659 3893 tamen
677 3830 838 3894 adomnia
856 3851 889 3893 sc
908 3829 1095 3893 descendere
1108 3850 1201 3912 para-

180 3931 246 3984 tum
272 3932 364 4003 atque
390 3922 494 3985 omnia
523 3923 588 4006 pati
618 3922 806 4008 reipublicae
838 3944 941 3987 causa.
986 3921 1201 4006 proficiscatur

180 4014 349 4099 Pompeius
359 4016 392 4078 in
402 4038 474 4080 suas
484 4016 668 4100 provinciam,
683 4017 743 4101 ipsi
753 4017 905 4080 exercitus
920 4017 1084 4091 dimittant,
1100 4014 1201 4077 disce-

181 4109 256 4171 dant
273 4110 305 4172 in
322 4110 414 4174 Italia
434 4133 541 4174 omncs
565 4111 604 4174 ab
628 4112 735 4187 armis,
760 4119 860 4174 metus
883 4134 900 4174 c
923 4111 1045 4173 civitate
1064 4108 1199 4184 tollatur,

181 4200 279 4265 libera
300 4204 424 4266 comitia
445 4214 537 4287 atquc
560 4205 660 4268 omnis
682 4203 859 4289 respublica
881 4204 1001 4268 senatui
1021 4202 1200 4288 populoque

180 4294 323 4358 Romano
346 4299 546 4379 permittatur.
587 4299 748 4382 haecque
771 4298 893 4362 facilius
916 4298 1069 4379 certisque
1092 4297 1200 4360 eondi-

181 4386 321 4452 cionibus
330 4390 405 4453 fiant
415 4403 445 4454 et
454 4392 650 4457 iureiurando
660 4393 846 4469 sanciantur,
862 4403 913 4456 aut
927 4393 993 4476 ipse
1007 4390 1134 4475 propius
1149 4412 1201 4452 ac-

181 4480 271 4545 cedat
283 4492 379 4546 autse
388 4485 522 4568 patiatur
535 4487 695 4551 accedere:
714 4487 790 4563 fore,
809 4486 854 4549 uti
863 4509 919 4571 per
928 4484 1080 4567 colloquia
1090 4505 1199 4546 omncs

134 4595 163 4641 10
181 4576 407 4641 controversiae
429 4591 662 4663 componantur.
699 4580 833 4666 acceptis
856 4579 1008 4644 mandatis
1027 4577 1161 4642 Roscius
1181 4599 1200 4639 a
