2692 5206
378 782 495 841 coru.
514 785 565 841 111.
583 784 702 840 47-51.
981 772 1046 841 259

23 909 187 977 habituros
205 908 328 993 copiam
350 906 561 985 confidebant3
588 907 776 992 crebraeque
798 930 891 975 voces
912 909 1047 977 militum

23 1002 195 1089 invigiliis
218 1000 442 1085 colloquiisque
463 999 682 1079 audiebantur,
708 1002 794 1088 prius
817 1024 852 1067 se
874 1004 988 1069 eortiee
1005 1026 1046 1071 ex

24 1096 188 1163 arboribus
202 1096 348 1172 victuros,
363 1116 457 1179 quam
467 1094 654 1180 Pompeium
668 1117 685 1160 e
699 1095 842 1161 manibus
851 1096 1045 1165 dimissuros.

23 1191 157 1257 libenter
174 1191 268 1255 etiam
285 1211 324 1253 ex
342 1189 481 1275 perfugis
495 1189 726 1275 cognoscebant
739 1211 836 1274 equos
850 1213 958 1256 eorum
970 1192 1048 1257 tolo-

24 1285 95 1362 rari,
112 1284 234 1367 reliqua
250 1305 324 1348 vero
340 1284 479 1348 iumenta
495 1283 654 1361 interisse3
673 1284 718 1347 uti
736 1294 841 1349 autem
858 1285 944 1370 ipsos
962 1286 1047 1351 vale·

24 1378 132 1443 tudine
153 1400 218 1442 non
240 1375 415 1441 benacum
441 1376 594 1462 angustiis
619 1376 680 1443 loci
706 1387 737 1442 et
762 1377 857 1443 odore
883 1388 981 1444 taetro
1007 1401 1048 1444 ex

24 1471 224 1537 multitudine
253 1471 440 1535 cadaverum
471 1481 503 1535 et
534 1470 695 1536 cotidianis
722 1470 882 1537 laboribus
906 1473 1046 1539 insuetos

26 1588 156 1652 opemnr
177 1574 245 1629 turn
268 1586 366 1648 aquae
388 1587 512 1629 summa
532 1565 638 1650 inopia
659 1564 798 1631 affectos.
839 1567 944 1631 omnia
965 1566 1048 1632 euim

26 1660 154 1727 flumina
171 1670 266 1744 atque
283 1680 390 1724 ornnes
408 1659 502 1735 rivos,
520 1659 575 1743 qui
592 1659 632 1724 ad
646 1680 731 1724 mare
744 1660 948 1746 pertinebant,
968 1659 1049 1726 Cae-

28 1779 76 1821 sar
92 1766 149 1821 aut
166 1764 320 1820 averterat
336 1766 391 1819 aut
407 1754 530 1840 magnis
553 1753 699 1839 operibus
721 1753 932 1833 obstruxerat,
954 1765 1048 1839 atque

29 1860 59 1915 ut
83 1860 174 1915 erant
195 1848 266 1914 loca
286 1858 450 1913 montuosa
471 1858 503 1913 et
524 1847 565 1912 ad
587 1869 700 1933 specus
723 1848 887 1933 angustiae
908 1848 1046 1923 vallium,

31 1943 86 2010 bas
110 1942 241 2009 sublicis
267 1942 299 2006 in
325 1954 438 2006 terrum
464 1942 610 2007 demissis
636 1953 852 2028 praesepserat
873 1952 1047 2025 terramque

33 2038 192 2115 adiecerat,
209 2048 245 2101 ut
261 2058 375 2120 aquam
393 2036 572 2101 contineret.
606 2036 712 2120 itaque
728 2036 773 2100 illi
790 2037 967 2101 necessario
978 2035 1049 2102 loca

36 2133 116 2218 sequi
138 2131 275 2196 demissa
296 2153 334 2196 ae
355 2131 505 2216 palustria
531 2142 562 2196 et
588 2141 697 2216 puteos
724 2130 831 2197 fodere
857 2131 1049 2219 cogebantur

37 2234 121 2311 aque
145 2224 230 2289 hune
255 2224 392 2291 laborem
419 2225 460 2289 ad
485 2225 641 2289 cotidiana
669 2248 764 2310 opera
793 2224 964 2304 addebant3
994 2224 1049 2310 qui

39 2329 132 2384 tannen
144 2317 248 2383 fontes
262 2342 281 2383 a
293 2318 480 2402 quibusdam
494 2318 657 2403 praesidiis
675 2318 804 2384 aberant
815 2318 941 2406 longius
955 2328 986 2385 et
998 2340 1050 2384 ee-

41 2412 131 2479 leritcr
146 2410 285 2479 aestibus
302 2412 533 2478 exareseebant.
560 2423 592 2477 at
606 2412 752 2478 Caesaris
766 2414 919 2480 exereitus
933 2412 1050 2499 optima

43 2506 204 2572 rdetudine
222 2528 406 2589 summaque
423 2528 523 2590 aquae
536 2507 626 2592 eopia
639 2506 792 2582 utebatur,
811 2515 878 2570 tum
895 2528 1051 2571 commea-

46 2608 83 2667 tu
98 2600 180 2667 omni
197 2620 312 2686 genere
332 2612 454 2685 praeter
475 2600 666 2665 frumentum
688 2599 880 2677 abundabat3
903 2609 996 2684 atque
1017 2600 1050 2664 id

48 2691 94 2758 sibi
111 2694 222 2760 cotidie
244 2692 355 2758 melius
381 2692 549 2780 subgerere
576 2704 699 2777 tempus
725 2693 935 2776 maioremque
961 2714 1051 2777 spem

49 2788 204 2853 maturitate
221 2785 447 2852 frumentorum
462 2787 594 2872 proponi
612 2784 768 2850 videbant.
794 2786 828 2849 in
839 2807 921 2850 novo
933 2806 1048 2871 genere
1067 2806 1100 2854 50

51 2876 107 2945 belli
120 2903 217 2947 novae
230 2881 271 2946 ab
285 2881 423 2964 utrisque
435 2880 570 2945 bellandi
583 2879 718 2944 rationes
731 2878 971 2964 reperiebantur.
993 2878 1048 2957 illi,

53 2992 107 3038 um
124 2974 414 3040 animadvertissent
436 2997 476 3038 ex
496 2973 622 3061 ignibus
645 2982 736 3038 noete
758 2973 901 3038 cohortes
927 2982 1049 3039 nostras

54 3064 278 3134 admunitiones
300 3067 468 3145 excubare,
496 3068 618 3133 silentio
640 3067 781 3154 aggressi
807 3067 944 3133 universi
969 3067 1051 3133 intra

55 3159 257 3227 multitudinem
275 3162 404 3248 sagittas
422 3162 617 3227 coniciebant
635 3174 717 3227 etse
735 3160 900 3226 confestim
918 3160 959 3227 ad
976 3183 1050 3228 suos

56 3253 227 3341 recipiebant.
266 3254 381 3340 quibus
403 3256 497 3321 rebus
519 3257 618 3321 nostri
639 3279 700 3321 usu
718 3256 802 3321 (loeti
823 3255 902 3321 haee
918 3255 1052 3342 reperie-

57 3340 113 3413 bant
124 3350 267 3427 remedia,
286 3359 320 3413 ut
337 3350 399 3414 alio
415 3350 485 3415 loco
502 3351 592 3437 ignes
610 3349 748 3415 facerent
775 3398 1049 3414 ......

58 3526 153 3601 interim
176 3538 290 3603 certior
314 3538 416 3603 lactus
438 3537 476 3602 P.
501 3537 604 3615 Sulla,
631 3559 725 3621 quem
750 3538 914 3602 discedens
941 3538 1050 3601 castris
1070 3556 1100 3602 al

58 3628 219 3707 undenas
242 3630 373 3709 Caesar,
401 3632 517 3697 auxilio
539 3631 658 3696 cohorti
678 3632 764 3696 venit
785 3653 856 3695 eum
877 3629 1052 3716 legionibus

59 3714 168 3803 dubus3
186 3725 276 3791 cuius
294 3726 430 3790 adventu
448 3725 539 3790 saeile
558 3736 630 3790 sunt
646 3725 763 3810 repulsi
776 3723 970 3810 Pompeiani.
998 3745 1052 3787 ne-

58 3828 193 3892 querere
218 3828 421 3904 conspectum
446 3829 501 3883 aut
526 3819 678 3904 impetum
703 3827 880 3884 nostrorum
906 3816 1050 3894 tulerunt,

57 3904 199 3997 primisque
221 3913 349 3978 deiectis
370 3913 482 3997 reliqui
504 3935 539 3978 se
561 3922 719 3977 verterunt
741 3923 772 3977 et
788 3912 857 3978 loco
880 3922 1050 3976 cesserunt.

57 4002 99 4067 sl
110 4004 304 4093 insequentes
320 4020 454 4086 nestros,
472 4030 512 4073 ne
529 4008 653 4095 longius
671 4019 942 4093 prosequerentur,
962 4002 1052 4070 Sulla

54 4102 195 4167 meant.
222 4114 256 4168 at
272 4103 411 4188 plerique
425 4103 612 4179 existimant,
632 4102 660 4167 si
677 4101 778 4165 aerius
796 4100 919 4184 insequi
937 4098 1053 4165 voluis-

52 4198 100 4271 st,
114 4192 226 4263 bellurn
243 4218 283 4262 ee
300 4197 350 4261 die
367 4197 508 4282 potuisse
525 4196 624 4260 finire.
660 4195 749 4260 euius
767 4194 931 4259 eonsilium
948 4216 1054 4279 repre

49 4280 230 4355 deludendum
246 4313 311 4356 non
327 4291 458 4356 videtur.
486 4290 564 4355 aliae
582 4289 665 4354 enim
684 4298 756 4353 sunt
772 4288 868 4374 legati
885 4299 989 4374 partes
1007 4302 1054 4353 at·

47 4398 97 4463 que
110 4382 317 4471 imperatoris:
335 4385 412 4449 alter
429 4385 534 4449 omnia
550 4406 643 4470 agere
661 4383 701 4448 ad
719 4383 957 4467 praescriptum,
975 4382 1053 4448 alter

43 4472 128 4544 libere
143 4478 185 4545 ad
201 4502 357 4545 summam
379 4501 481 4543 rerum
505 4478 667 4543 consulere
689 4475 790 4540 debet.
828 4474 918 4542 Sulla
934 4501 954 4542 a
971 4476 1053 4542 Cac-

41 4592 101 4640 ure
126 4574 236 4641 cusuis
262 4575 439 4660 praefectus
465 4573 602 4639 liberatis
630 4572 695 4637 suis
722 4570 781 4636 boe
803 4571 862 4636 fuit
889 4582 1050 4638 contentus

827 4678 877 4732 ll·
