2692 5206
448 777 566 835 COMM.
584 778 663 835 vul.
682 778 801 834 49452,
1070 765 1131 829 175

121 914 207 978 quam
226 893 371 959 maximis
393 893 555 958 itineribus
577 903 625 958 est
668 894 821 971 rofectus,
847 905 882 959 ut
908 893 1078 980 municipia
1099 904 1132 958 et

127 980 244 1044 colonias
270 979 454 1065 appellaret,
481 979 595 1062 quibus
621 916 668 1043 bl.
697 978 842 1057 Antonii,
870 981 1044 1063 quaestoris
1070 981 1130 1056 sui,

135 1065 382 1129 oonmendaverat
403 1065 567 1130 sacerdotii
588 1066 780 1149 petitionem.
825 1065 1031 1130 contendebat
1048 1067 1131 1130 enim

140 1151 215 1234 mdo
227 1172 298 1215 cum
314 1149 447 1214 libenter
464 1173 520 1234 pro
538 1150 663 1215 homine
682 1150 743 1215 sibi
756 1150 1018 1228 coniunctissimo,
1038 1173 1132 1235 quem

141 1235 210 1380 paulo
224 1248 291 1301 ante
308 1236 512 1322 praemiserat
529 1236 570 1300 ad
586 1237 783 1322 petitionem,
807 1247 874 1300 tum
896 1237 1007 1301 acriter
1025 1247 1133 1301 contra

153 1320 276 1386 actionem
293 1333 325 1386 et
342 1322 513 1406 potentiam
531 1345 712 1406 paucorum,
731 1323 786 1404 qui
803 1320 851 1386 M.
870 1321 989 1386 Antoni
1006 1320 1133 1408 repulsa

145 1401 257 1473 Caesaris
278 1407 459 1473 decedentis
480 1409 614 1492 gratiam
636 1407 811 1472 convellere
829 1407 1005 1493 cupiebant.
1048 1408 1133 1472 huno

144 1489 185 1553 etsi
201 1515 343 1579 augurem
364 1493 450 1576 prius
472 1496 604 1570 lactum,
631 1516 726 1577 quam
748 1493 873 1558 Italiam
895 1494 1073 1579 attingeret,
1099 1493 1133 1556 in

144 1572 224 1642 itinere
244 1578 399 1653 audierat,
427 1587 532 1643 tamen
557 1602 621 1643 non
647 1579 750 1643 minus
776 1579 892 1643 iustam
918 1578 979 1643 sibi
1005 1601 1133 1643 causam
1245 1641 1248 1647 .

144 1662 279 1749 municipia
298 1673 331 1728 et
353 1663 490 1729 colonias
513 1664 649 1728 adeundi
671 1664 874 1742 existimavit,
901 1674 937 1728 ut
959 1664 998 1728 iis
1016 1663 1133 1749 gratias

145 1759 233 1828 gent,
256 1749 342 1834 quod
363 1748 570 1833 frequentiam
595 1760 689 1834 atque
715 1751 856 1814 ollicium
878 1772 971 1814 suum
992 1749 1133 1814 Antonio

144 1834 349 1912 praestitissent,
382 1835 536 1919 simulque
562 1858 596 1899 sc
623 1847 654 1899 ot
679 1835 829 1901 honorem
856 1857 949 1899 suum
975 1835 1133 1919 sequentis

145 1917 197 1980 anni
213 1920 450 1996 commendaret,
477 1932 642 2005 propterca
663 1921 747 2005 quod
769 1921 938 1986 insolenter
963 1920 1133 1986 adversarii

145 2000 180 2063 ni
194 2004 389 2089 gloriarentur
408 2007 449 2070 L.
468 2006 640 2070 Lentulum
663 2017 694 2071 et
717 2006 755 2071 O.
778 2006 966 2071 Marcellum
988 2006 1133 2072 eonsules

145 2102 245 2181 emtas,
263 2091 317 2175 qui
335 2113 460 2156 omnem
477 2091 627 2156 honorem
645 2102 676 2157 et
693 2092 877 2178 dignitatem
897 2091 1043 2158 Caesaris
1061 2114 1134 2177 spo-

144 2165 235 2252 lluent,
261 2189 402 2263 ereptum
422 2176 490 2242 Sor.
510 2176 631 2242 Galbae
655 2178 866 2255 consulatum,
878 2246 882 2255 ,
895 2199 967 2243 oum
984 2179 1012 2242 is
1035 2177 1133 2242 multo

144 2251 194 2335 plus
210 2263 304 2346 gratia
326 2262 547 2348 suffragiisque
569 2263 732 2339 valuisset,
759 2264 845 2346 quod
866 2264 926 2329 sibi
948 2263 1133 2330 coniunctus

145 2341 368 2412 dimiliantate
386 2362 417 2413 et
434 2349 658 2415 consuetudine
675 2349 840 2435 legationis
859 2358 951 2414 osset.
982 2361 1132 2434 exceptus
1152 2371 1182 2417 δι

145 2432 178 2518 9⁸2
190 2428 323 2497 Caesaris
346 2433 499 2499 adventus
521 2434 561 2499 ab
584 2434 728 2499 omnibus
751 2434 927 2520 municipiis
951 2446 982 2500 et
1004 2433 1133 2499 coloniis

145 2515 283 2606 medibili
304 2518 422 2583 honore
443 2530 537 2602 atque
559 2543 673 2584 amoro.
722 2530 790 2584 tum
811 2521 946 2604 primum
972 2520 1054 2584 enim
1080 2542 1135 2584 ve·

144 2595 220 2665 uehat
233 2602 272 2669 ab
290 2603 344 2668 illo
362 2605 525 2670 universae
544 2603 665 2670 Galliae
683 2605 775 2669 bello.
802 2605 879 2668 nihil
892 2604 1133 2688 relinquebatur,

145 2686 204 2759 quod
217 2689 253 2753 ad
270 2700 414 2754 ornatmn
435 2701 608 2777 portarum,
636 2691 795 2766 itinerum,
823 2691 961 2755 locorum
983 2690 1133 2765 omnium,

145 2782 188 2844 ll&
203 2771 315 2840 Caesar
340 2776 440 2840 iturus
462 2787 542 2853 erat,
570 2777 741 2861 excogitari
761 2787 891 2924 poterat.
936 2797 1007 2838 cum
1028 2774 1133 2839 liberis

144 2857 216 2946 §imnis
231 2860 398 2926 multitudo
410 2861 535 2926 obviam
548 2861 745 2946 procedebat,
787 2862 885 2925 ostiae
898 2860 1043 2925 omnibus
1057 2860 1134 2923 locis

144 2944 360 3022 motabantur,
379 2947 518 3012 tricliniis
537 2948 640 3012 stratis
659 2947 727 3011 fora
744 2947 922 3032 templaque
940 2943 1135 3030 occupaban-

144 3027 186 3100 tar,
206 3041 238 3095 nt
253 3032 305 3095 vel
323 3033 543 3116 spectatissimi
561 3033 709 3117 triumphi
726 3032 844 3097 laetitia
864 3031 1001 3118 praecipi
1018 3040 1133 3116 posset.

143 3113 203 3178 unta
216 3130 280 3181 erat
296 3117 528 3203 magnificentia
545 3119 628 3203 apud
647 3117 864 3204 opulentiores,
884 3117 1037 3202 cupiditas
1051 3116 1136 3202 apud

142 3186 302 3267 linitores.
347 3225 419 3268 cum
436 3226 544 3268 omnes
566 3205 710 3290 regiones
730 3201 853 3268 Galliac
872 3213 995 3289 togatae
1014 3201 1183 3272 Caesarea

141 3289 364 3366 &cucurrisset
384 3311 508 3354 summa
525 3289 680 3354 celeritate
694 3290 734 3353 ad
748 3289 917 3354 exercitum
930 3287 1136 3353 Nemetocen-

141 3382 190 3435 sstm
211 3374 301 3438 rediit
327 3374 566 3460 legionibusque
592 3398 631 3439 ex
658 3375 802 3440 omnibus
827 3374 965 3438 hibernis
988 3374 1029 3438 ad
1055 3374 1134 3439 fines

140 3443 320 3524 Treverorum
346 3462 483 3525 evocatis
511 3483 548 3525 eo
574 3460 732 3545 profectus
759 3470 807 3524 est
832 3459 938 3543 ibique
965 3460 1136 3524 exercitum

139 3528 262 3610 luttravit.
312 3545 352 3610 Τ.
375 3546 554 3610 Labienum
582 3544 704 3611 Galliae
731 3557 855 3630 togatae
881 3544 1045 3630 praefecit,
1072 3567 1135 3627 quo

138 3626 228 3720 &tiore
249 3631 519 3697 commendatione
542 3632 758 3697 conciliaretur
784 3631 824 3695 ad
850 3630 1030 3696 consulatus
1056 3631 1136 3714 peti-

137 3713 235 3782 llonem.
262 3716 332 3803 ipse
351 3727 470 3782 tanturn
488 3718 633 3782 itinerum
646 3717 790 3794 faciebat,
809 3726 961 3799 quantum
975 3715 1050 3779 satis
1064 3737 1135 3780 esse

137 3794 375 3868 &mutationem
391 3803 530 3868 locorum
548 3826 604 3889 pro
628 3814 674 3867 ter
693 3802 905 3867 salubritatem
927 3799 1134 3866 existimabat.

136 3874 363 3974 liquamquam
382 3887 490 3954 crebro
508 3826 654 3954 audiebat
667 3887 847 3952 Labienum
864 3886 904 3951 ab
923 3886 1055 3951 inimicis
1070 3886 1135 3950 suis

136 3967 271 4060 pliainri
293 3975 468 4058 certiorque
489 3975 584 4040 fiebat
605 3975 638 4039 id
676 3973 707 4037 ‹ri
728 3995 899 4059 paucorum
921 3971 1073 4049 consiliis,
1101 3983 1136 4035 ut

135 4060 294 4147 ‘lluposita
311 4071 439 4126 senatus
458 4060 640 4125 auctoritate
688 4061 762 4143 iqua
779 4068 867 4144 parte
889 4058 1044 4122 exercitus
1063 4080 1136 4143 spo-

135 4129 246 4223 metor,
260 4156 367 4211 tamen
380 4168 480 4230 neque
494 4146 533 4211 de
541 4146 686 4211 Labieno
700 4145 830 4210 credidit
843 4144 1010 4228 quicquam
1024 4165 1134 4227 neque,

137 4238 365 4297 messenatae
383 4233 598 4297 auctoritatem
614 4241 650 4296 ut
667 4230 786 4314 aliquid
806 4231 937 4307 faceret,
963 4231 1064 4316 potuit
1081 4231 1137 4294 ad-

137 4304 198 4377 duci„
225 4316 385 4383 iudicabat
402 4319 485 4382 enim
502 4318 608 4382 liberis
627 4317 788 4382 sententiis
805 4325 929 4401 patrum
948 4316 1136 4401 conscripto-

137 4409 190 4461 rum
204 4421 328 4468 causam
347 4425 437 4467 suam
455 4403 546 4468 facile
560 4402 701 4467 obtineri.
728 4424 801 4466 nam
817 4400 854 4465 C.
866 4399 973 4478 Curio,
993 4401 1135 4465 tribunus

139 4474 226 4562 llssbis,
244 4509 316 4552 cum
330 4486 477 4554 Caesaris
496 4511 624 4553 oausam
642 4488 888 4573 dignitatemque
907 4485 1135 4550 defendendam

143 4572 318 4651 erisset,
346 4596 440 4660 saepe
459 4584 525 4639 erat
542 4574 664 4638 senatui
685 4573 855 4658 pollicitus,
884 4572 910 4637 si
933 4594 1026 4656 quem
1044 4571 1136 4636 timor
