2692 5206
469 535 587 593 contu.
606 538 657 593 111.
676 538 795 594 63-66.
1079 527 1144 595 265

123 664 234 729 timore
250 661 436 749 fugientium
454 670 602 726 terrorem
624 671 655 726 et
676 661 849 748 perieulum
869 661 1019 749 augebatr
1045 664 1145 731 homi·

124 780 198 822 num
210 756 295 822 enim
307 755 503 820 multitudine
514 766 659 841 receptus
672 754 906 841 impediebatur.
931 756 965 822 in
977 779 1015 823 eo
1026 759 1145 845 proelio

124 874 196 918 cnm
212 849 302 937 gravi
319 849 446 914 vulnere
464 860 548 914 esset
566 848 697 915 affectus
715 848 859 933 aquilifer
876 858 907 914 et
923 873 944 915 a
960 850 1078 917 viribus
1090 853 1145 918 de-

123 945 279 1020 ficeretur,
303 942 500 1028 conspicatus
518 944 637 1027 equites
655 956 793 1023 nostros,
818 943 911 1009 ‘hano
929 945 1012 1030 ego,'
1033 946 1143 1029 inquit,

125 1047 171 1104 ‘et
195 1037 287 1102 vivus
309 1036 423 1101 multos
445 1058 501 1121 per
522 1060 620 1102 annos
641 1060 757 1124 magna
781 1037 941 1124 diligentia
967 1037 1093 1104 defendi
1114 1051 1145 1105 et

125 1153 208 1197 nunc
233 1129 369 1195 moriens
400 1131 509 1195 eadem
534 1130 596 1195 fide
619 1130 749 1196 Caesari
773 1132 910 1197 restituo.
953 1131 1062 1211 nolite,
1089 1133 1146 1199 ob-

125 1247 222 1302 secro,
241 1223 442 1301 committere,
460 1224 545 1307 quod
562 1234 633 1288 ante
651 1225 683 1288 in
698 1226 835 1290 exercitu
849 1224 995 1292 Caesaris
1012 1249 1076 1293 non
1093 1249 1145 1293 ac·

124 1319 206 1396 cidit,
225 1328 262 1383 ut
274 1317 320 1382 rei
332 1317 472 1383 militaris
485 1318 621 1383 dedecus
635 1319 823 1397 admittatur,
842 1319 1091 1405 incolumemque
1104 1323 1145 1387 ad
1268 1368 1271 1373 ·

124 1435 195 1479 eum
213 1411 353 1478 deserte?
379 1410 438 1476 hoe
451 1433 526 1477 casu
540 1411 644 1496 aquila
656 1423 856 1479 conservatur
868 1412 1012 1479 omnibus
1025 1416 1143 1500 primae

124 1507 259 1573 cohortis
282 1506 512 1572 centurionibus
534 1506 704 1573 interfectis
726 1516 848 1593 praeter
868 1508 1040 1594 principem
1060 1510 1145 1594 prio-

123 1623 199 1666 rem.
234 1601 359 1684 iamque
378 1598 561 1685 Pompeiani
582 1623 698 1686 magna
719 1601 814 1666 caede
835 1610 1011 1667 nostrorum
1033 1603 1142 1668 castris
1162 1625 1194 1672 cs

123 1692 300 1759 Marcellini
317 1692 607 1779 appropinquabant
622 1717 686 1758 non
704 1693 851 1759 mediocri
869 1704 984 1760 terrore
997 1695 1083 1761 illato
1096 1719 1145 1761 re-

123 1788 218 1873 liquis
240 1787 433 1865 cohortibus,
461 1799 492 1852 et
509 1786 556 1851 Μ.
574 1786 745 1866 Antonius,
773 1788 826 1872 qui
847 1788 1024 1873 proximum
1040 1789 1144 1856 locum

124 1881 348 1968 praesidiorum
366 1880 504 1959 tenebat,
523 1903 561 1946 ea
577 1904 611 1946 re
628 1883 770 1947 nuntiata
786 1903 858 1947 cum
876 1883 1054 1949 cohortibus
1071 1883 1144 1949 XII

124 1974 317 2040 descendens
335 1997 375 2040 ex
391 1976 460 2041 loco
478 1975 636 2060 superiore
654 1974 844 2041 cernebatur.
884 1977 973 2042 cuius
990 1976 1143 2043 adventus

124 2066 334 2154 Pompeianos
365 2069 548 2155 compressit
576 2080 762 2154 nostrosque
792 2070 940 2146 firmavit,
975 2081 1010 2136 ut
1039 2093 1073 2136 se
1103 2094 1144 2137 ex

125 2161 261 2227 maximo
274 2162 383 2227 timore
397 2161 586 2249 colligerent.
608 2185 709 2247 neque
722 2164 821 2228 multo
834 2174 906 2249 post
915 2163 1034 2230 Caesar
1047 2165 1144 2252 signi·

125 2254 267 2321 ficatione
284 2277 340 2340 per
357 2255 484 2320 castella
504 2255 592 2320 fumo
615 2256 711 2335 facta,
739 2267 773 2321 ut
796 2267 862 2321 erat
884 2258 1050 2343 superioris
1068 2268 1146 2324 tem·

125 2349 208 2435 poris
225 2349 427 2427 consuetudo,
445 2350 587 2415 deductis
605 2350 795 2434 quibusdam
807 2349 985 2416 cohortibus
1003 2372 1042 2415 ex
1056 2372 1145 2436 prae-

125 2442 213 2508 sidiis
231 2442 342 2508 eodem
359 2443 453 2508 venit.
488 2445 543 2528 qui
560 2445 684 2530 cognito
706 2444 891 2509 detrimento
913 2465 985 2508 eum
1006 2443 1146 2508 animad-

126 2537 269 2602 vertisset
281 2536 467 2622 Pompeium
485 2547 572 2602 extra
589 2537 775 2604 munitiones
794 2559 956 2623 egressum
973 2537 1145 2603 secundum

126 2650 220 2708 mare,
237 2640 273 2694 ut
289 2629 385 2695 libere
401 2629 545 2715 pabulari
562 2642 669 2716 posset
687 2653 744 2696 ncc
761 2630 865 2696 minus
878 2631 998 2695 aditum
1010 2629 1144 2695 navibus

126 2722 261 2802 haberet,
280 2736 470 2791 commutata
481 2726 599 2792 ratione
614 2726 696 2804 belli,
715 2726 863 2810 quoniam
875 2725 1069 2811 propositum
1081 2748 1146 2791 non

127 2828 278 2896 tenuerat,
297 2830 399 2884 castra
415 2820 503 2884 iuxta
519 2819 706 2906 Pompeium
723 2819 843 2884 munire
860 2820 961 2884 iussit.
996 2842 1060 2904 qua
1075 2841 1145 2905 per·
1163 2839 1195 2888 66

128 2909 207 2977 lecta
222 2912 394 2978 munitione
415 2913 667 2978 animadversum
689 2924 737 2978 est
758 2936 778 2977 a
800 2911 1046 2998 speculatoribus
1063 2911 1147 2978 Cae·

130 3006 202 3073 tuis
229 3005 372 3073 cohortes
399 3008 565 3091 quasdam,
592 3009 677 3091 quod
701 3008 800 3073 instar
824 3007 957 3093 legionis
979 3007 1143 3085 videretur,

130 3119 194 3165 esse
210 3110 284 3186 post
300 3100 411 3165 silvam
429 3110 460 3164 et
477 3101 510 3165 in
527 3111 633 3165 vetera
655 3111 757 3166 castra
778 3101 859 3166 duci.
900 3109 1072 3166 castrorum
1093 3100 1145 3165 hic

130 3192 201 3259 situs
219 3205 294 3259 erat.
331 3194 541 3279 superioribus
560 3194 670 3259 diebus
687 3217 772 3260 nona
789 3193 935 3260 Caesaris
952 3194 1049 3281 legio,
1072 3216 1144 3259 cum

131 3306 160 3351 sc
175 3286 342 3354 obiecisset
356 3288 556 3374 Pompeianis
569 3288 667 3372 copiis
679 3298 772 3372 atque
785 3310 887 3373 opere,
905 3297 940 3353 ut
952 3288 1146 3352 demonstra-

131 3380 235 3460 rimus,
253 3382 513 3461 circummuniret,
532 3392 633 3447 castra
650 3405 687 3448 eo
704 3381 773 3448 loco
790 3384 904 3468 posuit.
939 3383 1017 3447 haee
1034 3382 1146 3447 silvam

132 3476 279 3557 quandam
291 3476 513 3564 contingebant
524 3499 626 3561 neque
638 3475 763 3562 longius
777 3501 797 3541 a
809 3477 887 3541 mari
899 3475 1045 3562 passibus
1055 3474 1144 3541 CCC

132 3566 260 3635 deant
297 3581 369 3655 post
385 3581 505 3637 mumto
525 3571 654 3637 consilio
675 3570 863 3655 quibusdam
885 3572 924 3637 de
942 3570 1045 3636 causis
1064 3567 1145 3634 Cae-

133 3680 176 3728 tar
190 3663 285 3750 paulo
303 3665 383 3730 ultra
400 3687 473 3730 eum
490 3666 594 3731 locum
611 3676 714 3730 castra
731 3665 895 3742 transtulit,
914 3664 1085 3751 paucisque
1097 3663 1145 3727 in·

133 3758 275 3824 arnissis
292 3757 403 3825 diebus
421 3760 531 3825 eadem
543 3758 714 3844 Pompeius
733 3769 938 3844 occupaverat
951 3767 991 3836 et,
1010 3756 1094 3842 quod
1107 3778 1145 3821 co

132 3844 192 3918 loco
208 3853 316 3938 plures
334 3862 400 3920 erat
416 3854 556 3940 legiones
574 3852 751 3931 habiturus,
776 3853 884 3918 relicto
900 3852 1045 3918 interiore
1062 3850 1145 3915 vallo

131 3945 272 4012 maiorem
289 3947 445 4013 adiecerat
462 3947 674 4013 munitionem.
709 3948 753 4013 ita
769 3947 889 4013 minora
906 3958 1009 4012 castra
1024 3943 1145 4010 inclusa

131 4038 291 4106 maioribus
310 4040 428 4106 castelli
447 4051 540 4126 atque
562 4041 643 4106 areis
660 4041 764 4106 locum
786 4040 976 4107 obtinebant.
1011 4040 1086 4105 item
1103 4037 1143 4103 ab

131 4132 238 4219 anguto
259 4144 432 4201 castrorum
453 4136 578 4202 sinistro
600 4136 803 4201 munitionem
829 4135 870 4199 ad
895 4135 1011 4200 flumen
1031 4133 1145 4220 perdu-

130 4237 210 4292 xerat
227 4228 348 4295 circiter
365 4252 478 4316 pussus
497 4228 632 4308 CCCC,
655 4253 719 4315 quo
741 4228 868 4294 liberius
890 4251 911 4293 a
930 4229 1068 4315 periculo
1085 4227 1144 4293 mi·

128 4314 192 4386 lites
209 4334 405 4406 aquarentur.
433 4325 489 4390 scd
505 4325 533 4389 is
547 4345 671 4408 quoque
684 4332 802 4388 mutato
815 4322 944 4389 consilio
956 4320 1142 4407 quibusdam
