2692 5206
485 793 602 850 COMM.
620 796 671 851 111.
691 797 776 852 1-3.
1099 785 1142 850 43

187 919 271 986 Cum
280 919 313 983 in
320 917 444 983 Italiam
452 917 698 1003 proficisceretur
707 917 834 996 Caesar,
851 917 996 985 Servium
1006 919 1142 986 Galbam
1161 943 1174 990 1

121 1037 196 1081 cum
206 1013 330 1100 legione
339 1012 524 1077 duodecima
536 1022 567 1076 et
579 1022 666 1098 parte
681 1013 835 1096 equitatus
849 1013 882 1078 in
889 1013 1064 1092 Nantuatis,
1078 1015 1142 1080 Vc-

120 1131 232 1196 ragros
256 1106 463 1190 Sedunosque
484 1107 582 1185 misit,
606 1107 660 1190 qui
682 1107 722 1171 ab
745 1106 859 1172 finibus
881 1107 1089 1194 Allobrogum
1111 1124 1142 1173 et

119 1203 194 1268 lacu
205 1203 371 1267 Lemanno
389 1211 420 1264 et
437 1200 564 1265 flumine
578 1200 732 1265 Rhodano
750 1200 791 1265 ad
808 1224 946 1267 summas
959 1202 1060 1288 Alpes
1073 1225 1143 1288 per·

120 1297 230 1360 tinent
258 1316 354 1359 causa
371 1294 514 1359 mittendi
530 1294 600 1370 fuit,
619 1294 704 1377 quod
720 1294 779 1359 iter
795 1316 851 1378 per
867 1294 977 1381 Alpes,
996 1318 1059 1379 quo
1076 1320 1143 1362 ma

120 1411 186 1475 gno
203 1409 277 1453 cum
293 1386 431 1472 periculo
449 1388 634 1473 magnisque
653 1410 723 1452 cum
741 1388 885 1472 portoriis
899 1401 1084 1456 mercatores
1097 1391 1142 1455 irc

122 1493 318 1558 consuerant,
336 1481 475 1567 patefieri
493 1481 626 1546 volebat.
670 1482 743 1546 huic
759 1483 912 1568 permisit,
932 1483 960 1547 si
976 1505 1055 1569 opus
1073 1507 1142 1549 esse

121 1577 331 1653 arbitraretur,
350 1576 396 1640 uti
412 1577 446 1641 in
462 1576 512 1641 his
529 1576 606 1641 locis
623 1576 780 1660 legionem
797 1576 954 1642 hiemandi
972 1599 1067 1642 causa
1080 1578 1143 1642 col·
1162 1648 1165 1654 ,

120 1671 247 1737 locaret.
292 1668 397 1736 Galba
418 1671 564 1735 secundis
587 1670 705 1754 aliquot
730 1670 855 1756 proeliis
878 1669 971 1736 factis
994 1672 1143 1736 castellis-

120 1788 182 1850 que
199 1763 414 1850 compluribus
432 1787 539 1829 eorum
558 1765 761 1850 expugnatis,
783 1764 888 1830 missis
906 1765 1036 1830 adeum
1053 1767 1143 1830 undi-

119 1881 182 1944 que
207 1859 321 1944 legatis
348 1859 571 1942 obsidibusque
598 1859 680 1923 datis
707 1868 739 1923 et
759 1880 837 1944 pace
859 1858 956 1939 facta,
984 1860 1144 1925 constituit

120 1953 265 2018 cohortes
284 1953 363 2018 duas
381 1953 415 2018 in
432 1952 641 2018 Nantuatibus
664 1952 815 2018 collocare
837 1961 868 2017 et
890 1953 958 2039 ipse
979 1976 1052 2019 eum
1072 1955 1144 2019 reli-

118 2048 191 2131 quis
209 2047 279 2113 eius
296 2047 428 2133 legionis
446 2046 626 2113 cohortibus
644 2048 676 2111 in
693 2047 763 2112 vico
777 2045 998 2134 Veragrorum,
1017 2049 1072 2132 qui
1089 2070 1144 2133 ap-

119 2141 256 2228 pellatur
277 2139 475 2219 Octodurus,
502 2142 654 2220 hiemarc;
680 2142 735 2224 qui
757 2141 844 2206 vicus
866 2142 987 2227 positus
1008 2142 1041 2206 in
1062 2143 1144 2207 valle

119 2259 183 2301 non
204 2259 324 2322 magna
344 2236 466 2301 adiecta
486 2236 619 2322 planicie
646 2235 804 2301 altissimis
826 2235 984 2301 montibus
1006 2237 1143 2321 undique

119 2330 306 2395 continetur.
350 2351 422 2394 cunr
443 2330 495 2395 hic
516 2330 550 2394 in
573 2331 651 2395 duas
673 2340 778 2415 partes
800 2330 927 2395 flumine
944 2331 1142 2407 divideretur,

119 2423 252 2489 alteram
272 2433 394 2510 partem
416 2424 483 2489 eius
505 2425 567 2489 vici
586 2421 686 2490 Gallis
707 2421 761 2509 [ad
778 2422 993 2509 hiemandum]
1017 2446 1143 2490 conces·

119 2519 176 2594 sit,
208 2517 339 2583 alteram
368 2540 502 2584 vacuam
526 2518 566 2583 ab
593 2518 653 2583 illis
684 2518 823 2583 relictam
853 2518 1032 2584 cohortibus
1059 2519 1143 2583 attri-

119 2610 198 2677 buit.
243 2634 316 2677 eum
332 2612 436 2678 locum
454 2613 536 2679 vallo
558 2613 707 2696 fossaque
729 2612 870 2676 munivit.
915 2634 987 2676 cum
1011 2612 1077 2677 dies
1095 2613 1176 2680 Iri-a

118 2705 287 2771 bernorum
311 2707 486 2792 complures
509 2708 693 2773 transissent
714 2707 968 2790 frumentumque
995 2728 1033 2771 eo
1059 2728 1144 2770 com-

118 2801 237 2886 portari
253 2801 406 2879 iussisset,
426 2802 529 2867 subito
546 2824 602 2888 per
619 2802 828 2887 exploratores
847 2801 959 2865 certior
975 2800 1078 2865 lactus
1097 2811 1144 2864 cst

119 2915 161 2957 ex
179 2915 217 2958 ea
233 2905 322 2978 parte
340 2896 415 2972 vici,
442 2918 538 2979 quam
557 2895 658 2961 Gallis
681 2904 892 2971 concesserat,
920 2916 1028 2959 omnes
1050 2904 1144 2958 noctu

118 2987 306 3053 discessisse
323 3000 521 3072 montesque,
548 2991 601 3073 qui
619 2989 847 3074 impenderent,
874 3012 894 3053 a
911 2988 1048 3052 maxima
1065 2987 1145 3050 mul-

119 3080 251 3146 titudine
271 3080 471 3148 Sedunorum
489 3094 520 3148 et
537 3083 749 3169 Veragrorum
768 3084 874 3148 teneri.
919 3083 952 3146 id
969 3082 1087 3166 aliquot
1105 3082 1143 3145 dc

118 3175 224 3240 causis
242 3176 411 3254 acciderat,
439 3188 473 3241 ut
491 3176 595 3243 subito
614 3176 699 3242 Galli
717 3177 789 3242 belli
811 3177 980 3242 renovandi
997 3177 1144 3262 legionis-

118 3290 182 3353 que
199 3270 420 3355 opprimendae
434 3272 597 3336 consilium
611 3284 769 3356 caperent:
787 3273 931 3356 primunr,
950 3273 1034 3354 quod
1046 3272 1144 3357 legio-

118 3385 192 3428 nem
200 3386 303 3448 neque
312 3388 382 3429 eam
394 3366 608 3451 plenissimam
623 3367 768 3431 detractis
783 3365 961 3430 cohortibus
976 3366 1098 3430 duabus
1114 3377 1144 3428 et

119 3457 332 3542 compluribus
342 3459 532 3546 singillatim,
546 3461 600 3543 qui
609 3470 800 3525 commeatus
809 3461 934 3545 petendi
948 3482 1042 3524 causa
1056 3459 1144 3523 missi

119 3561 223 3629 erant,
247 3549 460 3639 [absentibus]
479 3565 605 3639 propter
621 3555 809 3639 paucitatem
827 3553 1053 3638 despiciebant3
1077 3565 1143 3615 tum

119 3645 224 3723 etiam,
242 3647 327 3730 quod
339 3658 466 3733 propter
478 3648 671 3730 iniquitatem
685 3647 755 3724 loci,
774 3670 846 3711 cum
859 3648 919 3732 ipsi
934 3669 972 3710 cx
986 3645 1143 3710 montibus

118 3740 153 3804 in
165 3739 280 3805 vallem
294 3742 492 3806 decurrerent
506 3752 537 3805 et
551 3742 612 3806 tela
621 3742 805 3818 conicerent,
820 3763 859 3805 ne
873 3741 1008 3825 primum
1018 3739 1144 3822 quidem

119 3855 214 3920 posse
235 3836 387 3922 impetum
410 3859 502 3901 snum
525 3837 670 3901 sustineri
692 3836 921 3901 existimabant.
966 3832 1143 3909 accedebat,

119 3930 205 4014 quod
224 3953 299 3996 suos
317 3930 357 3997 ab
376 3953 411 3996 se
427 3930 541 3996 liberos
560 3931 732 3996 abstractos
752 3931 897 3996 obsidum
918 3929 1042 3994 nomino
1060 3927 1145 3991 ‹lole-

120 4021 196 4088 hant
218 4033 250 4089 et
271 4023 432 4090 Romanos
459 4047 523 4090 non
545 4025 646 4090 solum
669 4026 814 4090 itinerum
837 4047 946 4101 causa,
974 4023 1144 4087 sedetiam

119 4129 289 4205 perpetuae
310 4120 520 4205 possessionis
548 4120 684 4185 culmina
704 4120 835 4205 Alpium
862 4141 1014 4204 occupare
1041 4117 1145 4182 conari

120 4223 152 4277 et
168 4235 207 4279 ea
223 4213 295 4279 loca
315 4214 465 4280 finitimae
487 4215 664 4300 provinciae
687 4216 856 4301 adiungere
879 4213 939 4278 sihi
960 4235 1144 4298 persuasum

119 4305 288 4373 habebant.
333 4308 382 4374 his
405 4308 521 4373 nuntiis
545 4309 680 4394 acceptis
705 4306 822 4385 Galba,
849 4329 921 4372 cum
943 4329 1043 4390 neque
1066 4327 1178 4391 opust

118 4400 321 4468 hibernorum
339 4404 591 4493 munitionesque
609 4403 700 4488 plone
724 4412 829 4467 essent
845 4401 1017 4487 perfectae,
1043 4423 1145 4483 noque

117 4495 159 4561 de
180 4495 340 4563 sarmento
362 4497 543 4581 reliquoque
566 4509 741 4562 commeatu
763 4497 838 4561 satis
866 4507 949 4561 esset
975 4495 1144 4580 provisum,

117 4590 205 4674 quod
224 4591 382 4658 deditione
400 4592 485 4658 facta
502 4592 726 4676 obsidibusque
749 4591 884 4677 acceptis
907 4589 984 4653 nihil
1006 4589 1045 4653 dc
1064 4588 1145 4652 hello
