2738 5272
270 750 332 814 178
616 758 669 813 DE
686 758 813 815 BELLO
833 757 951 814 CIVlLl

268 884 318 937 sed
327 882 439 937 fortiter
447 881 552 937 resistit
561 878 667 935 Caesar
677 897 699 934 c.
709 879 819 933 54-55.
841 879 997 934 intereaad
1006 878 1161 934 Massiliam
1172 896 1188 933 a
1199 878 1296 933 Bruto

266 977 298 1014 rc
306 976 442 1030 prospere
452 964 534 1029 gesta
543 974 567 1011 c.
575 958 687 1027 56-58,
705 958 820 1027 eiusque
831 957 871 1012 rei
882 957 980 1010 nuntio
992 955 1107 1011 Caesari
1117 957 1204 1010 allato
1217 957 1297 1011 cele-

266 1037 335 1091 riter
348 1036 462 1090 fortuna
475 1041 612 1091 mutatur:
630 1034 787 1104 Hispaniae
800 1033 911 1104 aliquot
922 1033 1022 1103 populi
1036 1034 1073 1087 ab
1087 1032 1207 1087 Afranio
1225 1032 1299 1087 defi-

267 1114 359 1182 ciunt,
378 1112 483 1169 Cacsar
498 1112 603 1167 Sicoris
621 1119 701 1181 parte
720 1118 861 1166 aversaet
874 1110 947 1166 vado
962 1112 991 1163 in
1010 1127 1043 1163 eo
1058 1109 1171 1164 flumine
1187 1108 1296 1164 effecto

267 1193 379 1262 legatos
393 1197 481 1246 terret
493 1197 523 1245 et
536 1191 566 1244 iu
576 1188 756 1246 Celtiberiam
770 1190 875 1244 bellum
888 1189 1076 1243 translaturos
1090 1188 1191 1241 itinere
1207 1188 1297 1241 inter-

268 1269 357 1323 cludit
380 1285 403 1323 c.
421 1268 533 1322 59-70.
577 1266 727 1321 occasione
754 1265 795 1320 rei
817 1266 891 1320 bene
913 1265 1056 1335 gerendae
1079 1264 1298 1334 postulantibus

265 1346 404 1415 proelium
417 1345 553 1400 militibus
567 1361 624 1399 non
638 1344 726 1397 utitur
735 1341 852 1412 Caesar,
873 1342 933 1397 sine
946 1358 1044 1412 pugna
1057 1359 1115 1397 rem
1131 1341 1298 1396 confectum

265 1423 300 1474 iri
311 1439 435 1492 sperans.
458 1421 625 1477 absentibus
640 1421 759 1475 ducibus
770 1421 804 1475 de
814 1437 886 1490 pace
901 1424 990 1487 agunt
1003 1419 1106 1473 milites
1116 1418 1297 1487 Pompeiani,

267 1499 410 1570 colloquia
427 1498 604 1569 interrumpit
616 1497 747 1552 Petreius
765 1496 795 1552 et
813 1495 1000 1551 Caesarianos
1023 1501 1074 1565 per
1097 1496 1222 1549 indutias
1250 1512 1296 1548 re·

266 1581 364 1646 coptos
374 1575 495 1631 interfici
505 1576 592 1644 iubet,
601 1575 791 1645 Pompeianos
802 1576 897 1628 salvos
907 1574 1022 1627 dimittit
1032 1572 1169 1627 Caesare.
1180 1574 1297 1626 71-78.

264 1653 363 1723 inopia
372 1653 634 1724 coactiPompeiani
643 1660 737 1712 castra
744 1658 867 1721 movent,
879 1653 930 1707 sed
940 1654 968 1706 in
977 1652 1078 1707 itinere
1088 1653 1296 1722 impediuntur:

266 1733 491 1787 omuibusrebus
507 1732 617 1787 obsessi
632 1731 804 1802 colloquium
818 1738 933 1801 petunt,
950 1730 1106 1785 incolumes
1122 1737 1150 1784 et
1164 1730 1255 1784 duces
1266 1738 1299 1785 et

265 1808 370 1862 milites
380 1809 487 1863 abeunt
501 1827 524 1862 c.
535 1809 646 1863 79-87.

327 1884 408 1939 Haec
417 1891 500 1955 gesta
509 1891 575 1938 sunt
583 1902 608 1939 a.
618 1902 644 1938 u.
656 1902 678 1939 c.
689 1885 748 1954 705,
763 1903 788 1939 a.
799 1883 862 1938 Chr.
873 1903 901 1938 n.
909 1884 951 1938 49.

325 2092 456 2156 Litteris
472 2091 506 2179 [a
518 2091 619 2157 Fabio
631 2090 684 2179 O.]
700 2090 847 2157 Caesaris
862 2092 1041 2157 consulibus
1056 2092 1183 2157 redditis
1197 2115 1296 2178 aegre

267 2183 306 2249 ab
324 2185 373 2249 his
391 2186 590 2271 impetratum
614 2197 662 2250 cst
684 2209 807 2250 summa
829 2186 1021 2251 tribunorum
1044 2187 1143 2272 plebis
1163 2199 1295 2251 conten-

266 2279 364 2355 tione,
392 2292 427 2344 ut
452 2281 485 2345 in
512 2291 622 2345 senatu
647 2280 863 2358 recitarentur3
890 2292 924 2345 ut
950 2304 1024 2346 vero
1051 2303 1090 2345 cx
1116 2281 1226 2345 litteris
1251 2283 1294 2346 ad

266 2384 408 2438 senatum
423 2376 598 2452 referretur,
617 2376 774 2461 impetrari
784 2399 846 2440 non
859 2377 967 2460 potuit.
994 2376 1132 2440 referunt
1145 2377 1294 2441 consules

265 2470 304 2533 de
330 2468 490 2556 republica
513 2469 565 2556 [in
587 2469 742 2556 civitate}
782 2470 824 2534 L.
847 2470 1004 2534 Lentulus
1031 2470 1139 2534 consul
1168 2472 1293 2535 senatui

263 2563 371 2645 reique
388 2563 532 2649 publicae
555 2587 589 2628 se
611 2587 674 2629 non
696 2564 876 2628 defuturum
898 2564 1074 2648 pollicetur,
1098 2565 1125 2627 si
1143 2565 1294 2628 audacter

264 2681 301 2722 ac
316 2658 437 2722 fortiter
451 2659 619 2723 sententias
634 2660 736 2724 dicore
750 2658 860 2735 velint3
880 2658 928 2721 sin
938 2657 1107 2722 Caesarem
1121 2658 1292 2742 respiciant

264 2764 357 2836 atque
368 2753 434 2817 eius
448 2754 582 2840 gratiam
596 2765 773 2837 sequantur,
793 2765 828 2817 ut
842 2752 1053 2837 superioribus
1068 2752 1196 2815 fecerint
1211 2762 1291 2816 tcm-

263 2848 402 2932 poribus,
422 2870 456 2912 se
475 2848 534 2912 sibi
553 2849 717 2912 consilium
735 2858 898 2932 capturum
916 2869 1018 2929 neque
1036 2856 1162 2910 senatus
1181 2857 1290 2910 aucto·

263 2942 345 3005 nitati
368 2941 665 3025 obtemperaturum:
694 2941 807 3005 habore
835 2964 868 3004 sc
896 2963 1019 3024 quoque
1046 2941 1086 3004 ad
1111 2938 1289 3025 [Caesaris]

263 3036 396 3119 gratiam
414 3045 508 3117 atque
525 3035 693 3098 amicitiam
711 3045 879 3118 receptum.
907 3036 940 3097 in
958 3035 1089 3098 candem
1103 3035 1290 3097 sententiam

262 3127 398 3208 loquitur
417 3125 538 3211 Scipio:
567 3127 719 3212 Pompeio
742 3150 812 3191 csse
834 3128 866 3190 in
889 3129 993 3192 animo
1015 3127 1203 3213 reipublicae
1226 3151 1290 3191 non

263 3220 382 3295 deesse,
403 3219 429 3282 si
444 3231 571 3284 senatus
586 3231 748 3303 sequutum
767 3222 794 3284 si
809 3233 970 3286 cunctetur
983 3233 1075 3305 atquc
1089 3236 1162 3308 agat
1176 3221 1288 3295 lenius,

262 3311 452 3394 nequiquam
470 3313 537 3376 eius
556 3314 716 3389 auxilium,
736 3315 762 3378 si
781 3326 890 3399 postea
907 3316 997 3392 volit,
1017 3326 1158 3380 senatum
1177 3314 1290 3398 implo-

228 3426 243 3472 ‘.>
261 3415 409 3469 naturum.
437 3406 514 3470 hacc
526 3405 681 3492 Scipionis
696 3409 803 3486 oratic,
818 3411 903 3493 quod
917 3421 1042 3475 senatus
1057 3411 1089 3473 in
1103 3408 1179 3472 urbe
1193 3407 1290 3472 habe·

261 3499 353 3564 batur
374 3500 611 3587 Pompeiusque
638 3502 758 3580 aberat,
787 3527 826 3567 cx
852 3505 950 3590 ipsius
978 3528 1031 3568 ore
1053 3503 1185 3588 Pompei
1208 3502 1289 3565 mitti

260 3594 432 3660 videbatur.
468 3597 588 3661 dixerat
606 3597 718 3681 aliquis
736 3598 885 3663 leniorem
905 3599 1104 3674 sententiam,
1128 3608 1162 3660 ut
1184 3595 1288 3681 primo

259 3689 307 3754 Μ.
326 3691 511 3769 Marcellus,
534 3693 695 3778 ingressus
714 3694 833 3758 ineam
852 3695 1038 3770 orationem,
1061 3716 1125 3757 non
1143 3700 1287 3775 oportere

260 3795 331 3849 ante
349 3786 388 3850 de
407 3809 445 3849 ea
461 3808 494 3850 re
508 3787 549 3850 ad
563 3798 705 3851 senatum
719 3787 837 3865 referri,
856 3811 950 3872 quam
965 3789 1103 3852 delectus
1118 3796 1183 3850 tota
1197 3784 1290 3848 ltalia

259 3879 357 3944 habiti
376 3890 406 3943 et
424 3881 577 3945 exercitus
596 3881 762 3967 conscripti
782 3892 896 3958 essent,
915 3904 977 3965 quo
995 3881 1151 3966 praesidio
1169 3888 1236 3942 tuto
1257 3889 1287 3941 ct

259 3973 355 4038 libere
374 3985 515 4050 senatus,
534 3996 614 4057 quae
633 3974 739 4051 vellet,
759 3976 924 4040 decernere
943 3977 1086 4052 auderet3
1104 3987 1138 4038 ut
1155 3972 1203 4036 M.
1224 3971 1289 4036 Ca-

259 4067 361 4144 lidius,
381 4071 435 4152 qui
453 4068 614 4145 censebat,
633 4080 668 4133 ut
685 4070 857 4155 Pompeius
875 4071 907 4133 in
926 4094 1000 4135 suas
1019 4069 1195 4156 provincias
1214 4090 1288 4152 pro-

259 4162 461 4240 ficisceretur,
485 4187 524 4228 ne
542 4187 605 4247 qua
623 4175 707 4228 esset
724 4189 881 4229 armorum
903 4187 1012 4229 causa:
1040 4165 1149 4228 timere
1168 4161 1289 4226 Cacsa-

259 4277 325 4319 rcm
343 4259 456 4341 ereptis
475 4258 514 4323 ab
533 4281 570 4323 eo
584 4257 706 4324 duabus
720 4259 906 4345 legionibus,
925 4283 965 4324 ne
979 4261 1019 4323 ad
1033 4260 1099 4323 eius
1112 4255 1288 4342 periculum

258 4373 417 4415 reservare
440 4361 470 4415 ct
492 4353 623 4418 retinere
646 4375 700 4418 cas
722 4355 763 4419 ad
786 4355 894 4419 urbem
917 4353 1087 4439 Pompeius
1114 4352 1288 4427 videretur3

260 4454 294 4506 ut
311 4443 358 4508 M.
377 4444 495 4521 Ruina,
519 4448 574 4530 qui
596 4449 781 4513 sententiam
801 4449 915 4514 Calidii
937 4449 1046 4532 paucis
1069 4448 1134 4512 scre
1156 4444 1287 4509 mutatis

259 4536 353 4603 rebus
371 4539 568 4622 sequebatur.
603 4540 637 4605 hi
655 4565 762 4608 omnes
782 4544 921 4608 convicio
940 4543 981 4606 L.
999 4541 1129 4606 Lentuli
1147 4537 1288 4604 consulis
